2944 4574
716 221 756 283 12

161 423 370 511 ἀδικημάτων
386 424 600 508 ἑτοιμότερον.
630 428 746 496 Nonne
760 428 979 513 corrigendum
993 425 1064 517 [ἔτι]
1082 425 1312 514 succurit-soon?

161 530 428 612 Pseudologist.
454 532 488 597 2.
528 532 699 617 Sexcenta‚
722 533 824 616 inquit
846 534 1019 616 Lucienus,
1041 532 1075 598 in
1097 534 1165 598 vita
1186 539 1242 599 tua
1263 534 1309 598 in-

161 636 329 703 veniantur
356 636 470 702 iambis
500 635 613 719 digna,
644 655 728 719 quae
749 636 793 701 ad
823 638 901 702 satis
933 636 1098 703 illudenda
1130 657 1171 703 ne
1201 637 1311 703 Archi·

161 740 271 808 lochus
291 740 419 824 quidem
438 739 586 824 sufficiet,
607 741 731 806 etiamsi
750 741 879 827 insuper
899 741 1103 808 advocaverit
1116 741 1312 807 Simonidem

162 847 456 931 Hipponactemque
464 852 636 926 συμποιεῖν
645 845 712 928 μετ’
731 840 832 909 αὐτοῦ
848 840 924 910 κάν
940 847 982 909 ἕν
995 870 1034 910 τι
1049 849 1114 911 τῶν
1123 845 1312 926 προσόντων

163 969 216 1014 σοι
238 952 356 1014 κακῶν.
393 949 509 1015 Nescio
524 969 566 1015 an
581 939 684 1035 potius
700 951 841 1017 Luciam
856 951 1015 1017 vindicem
1030 947 1093 1015 κάν
1110 948 1169 1038 [ἐν]
1186 953 1234 1014 ἑνὶ
1248 953 1313 1015 τῶν

162 1073 248 1140 sqq.,
265 1075 347 1137 quae
362 1055 541 1120 coniectura
557 1055 673 1121 codicis
689 1055 774 1152 Gorl.
787 1056 891 1122 verbis
907 1051 970 1119 ado
984 1054 1019 1119 ἔν
1035 1080 1067 1120 τι
1083 1056 1313 1138 aliquantulum

162 1159 314 1226 firmatur.
361 1157 565 1225 bharidom.
592 1160 627 1224 9.
671 1160 827 1244 Exposuit
848 1166 958 1227 auctor
980 1160 1020 1226 de
1047 1161 1131 1226 Iovis
1158 1161 1313 1227 suavitate

162 1263 324 1346 animique
345 1263 514 1330 dulcedine
535 1264 743 1329 formosarum
764 1265 930 1330 mulierum
951 1265 985 1330 in
1007 1264 1265 1331 consuetudinem
1279 1284 1314 1331 se

163 1367 361 1434 insinuantis.
406 1368 469 1434 Ubi
499 1387 570 1434 oum
598 1369 644 1433 ita
671 1387 773 1434 sermo
802 1370 1014 1435 continuetur:
1045 1371 1100 1432 καὶ
1130 1364 1188 1452 οὐχ
1214 1366 1314 1452 ὁμὲν

163 1468 244 1546 Ζεὺς
260 1464 342 1537 οὕτω
364 1469 462 1554 μόνος
484 1469 569 1535 ἑάλω
591 1474 649 1536 τοῦ
672 1471 818 1550 κάλλους,
842 1475 907 1537 τῶν
929 1469 1066 1538 δ’άλλων
1088 1469 1191 1549 οὐδεὶς
1213 1475 1312 1549 θεῶν,

164 1574 233 1639 ἵνα
255 1574 417 1658 μᾶλλον
439 1575 523 1658 ἔχειν
546 1576 623 1663 δοκῇ
645 1578 751 1642 ταῦτα
768 1583 963 1663 κατηγορίαν
977 1576 1061 1654 Διός,
1085 1573 1142 1660 οὐχ
1160 1574 1242 1663 ὑπὲρ
1256 1579 1314 1642 τοῦ

164 1677 302 1755 κάλλους
332 1679 501 1766 εἰρῆσθαι,
535 1682 649 1748 rectius
679 1683 796 1748 scribes
823 1681 878 1746 ἵνα
910 1681 976 1770 [μὴ]
1007 1682 1142 1765 μᾶλλον.
1194 1684 1315 1749 Ultima

167 1792 273 1851 autem
296 1785 394 1851 verba
416 1781 474 1867 οὐχ
494 1781 576 1869 ὑπὲρ
599 1805 668 1868 sqq.
691 1786 824 1852 fortasse
846 1787 1011 1853 correctori
1033 1786 1179 1852 debenda
1209 1792 1240 1852 et
1261 1806 1315 1852 ex·

165 1889 356 1973 stinguenda
366 1897 448 1957 sunt.
472 1888 668 1955 Anachars.
684 1889 743 1955 30.
755 1891 843 1954 ταῦτ’
858 1888 956 1968 ἔστιν,
969 1879 994 1954 ὦ
1006 1886 1186 1975 Ἀνάχαρσι,
1203 1887 1226 1954 ά
1241 1887 1315 1966 τοὺς

165 2001 256 2068 νέους
289 1989 380 2078 ἡμεῖς
419 1991 583 2079 άσκοῦμεν
625 1993 767 2078 οἰόμενοι
807 1993 956 2079 φύλακας
994 1991 1071 2080 ἡμῖν
1104 1997 1158 2080 τῆς
1192 1993 1316 2071 πόλεως

165 2094 314 2181 ἀγαθοὺς
334 2103 541 2182 γενέσθαι
564 2102 619 2164 καὶ
642 2102 678 2165 ἐν
703 2099 877 2188 ἐλευθερίᾳ
899 2099 1096 2185 βιώσεσθαι.
1148 2102 1217 2166 Ηοο
1246 2101 1315 2166 loco

166 2209 198 2268 et
224 2204 374 2270 universa
401 2205 557 2271 sententia
584 2211 616 2270 et
637 2205 741 2270 futuro
769 2203 957 2288 βιώσεσθαι
985 2206 1148 2271 restituere
1176 2205 1317 2289 cogimur

166 2305 401 2396 γεν[ήσ]εσθαι.
447 2307 536 2372 Idem
559 2308 669 2374 vitium
692 2315 797 2374 autem
819 2308 918 2374 brol.
943 2310 1053 2377 mort.
1077 2309 1178 2375 XIII
1196 2309 1229 2376 3.
1254 2315 1316 2374 tra-

167 2413 246 2478 dunt
268 2413 369 2479 codex
390 2413 487 2477 Marc.
510 2412 576 2478 434
598 2420 630 2478 et
650 2411 747 2478 editio
771 2414 915 2498 vulgata,
938 2420 974 2480 ut
995 2414 1124 2481 verbum
1147 2413 1316 2488 ἐλπίζοντα

167 2517 342 2583 infinitivus
365 2517 504 2602 excipiat
524 2520 691 2600 γενέσθαι,
723 2539 793 2584 cum
819 2519 976 2602 integrum
998 2515 1197 2601 γενήσεσθαι
1223 2516 1317 2583 codd.

168 2620 319 2706 Vindob.‚
351 2620 469 2707 Onon,
500 2623 596 2688 Marc.
618 2623 699 2706 436,
729 2623 868 2688 Florent.
899 2621 1083 2708 exhibeant,
1113 2642 1193 2705 quos
1221 2623 1317 2689 libros

167 2725 233 2791 iam
255 2730 396 2791 secutum
418 2743 487 2791 esse
508 2745 592 2792 nunc
606 2724 700 2790 video
716 2725 922 2792 Fritzscbium
941 2727 975 2791 in
989 2747 1074 2793 nova
1088 2726 1181 2793 buius
1197 2727 1318 2810 dialogi

169 2829 351 2896 recensione
374 2828 457 2916 (lud.
485 2831 556 2896 lect.
586 2830 728 2896 academ.
752 2831 898 2896 Rostocb.
925 2830 1093 2918 1878179).
1139 2832 1202 2910 Qui
1222 2832 1318 2897 miror
1368 2871 1371 2877 -

169 2933 255 3018 quod
277 2932 421 3022 (ibidem)
444 2933 540 3000 llial.
564 2936 675 3002 mort.
701 2935 759 3001 XI
782 2934 814 3000 2.
836 2935 984 3002 refutavit
1003 2937 1232 3004 Hemsterhusii
1245 2957 1318 3002 con-

168 3040 320 3106 iecturam
354 3033 428 3102 οὗδὲ
461 3015 593 3103 πώλιοτε
625 3046 945 3125 προμαντευομένους
979 3035 1062 3106 οὕτω
1091 3039 1318 3128 γεν[η’σ]εσθαι

170 3145 276 3208 ταῦτα
291 3164 311 3209 a
326 3143 445 3210 (lobeto
464 3145 610 3210 iteratam
625 3143 713 3232 (Var.
729 3146 815 3211 Leot.
832 3143 920 3232 229),
945 3140 1063 3230 quippe
1084 3165 1179 3228 quam
1202 3143 1320 3210 codicis

172 3248 271 3315 Vatic.
302 3249 343 3314 87
372 3248 436 3315 fide
469 3248 587 3315 firmari
616 3250 785 3316 verisimile
818 3250 873 3334 sit,
907 3248 1112 3332 laudavitque
1146 3256 1320 3316 ceterorum

170 3353 321 3419 librorum
342 3354 530 3439 scripturam
551 3358 718 3439 γενέσθαι.

259 3458 416 3525 Paraslt.
440 3458 498 3525 43.
546 3460 691 3527 Socrates
719 3461 802 3526 inter
823 3459 1027 3545 philosophos
1049 3476 1180 3541 graecos
1202 3458 1320 3524 collau·

173 3563 265 3631 datus
281 3561 308 3627 si
323 3558 341 3626 ὁ
358 3559 458 3645 σοφός
474 3565 662 3648 appellatur,
678 3561 918 3630 coniectandum
930 3562 971 3628 sit
984 3567 1144 3629 auctorem
1157 3559 1321 3648 scripsisse

173 3663 440 3756 ὅσοφμὶταομς,
466 3669 557 3732 utin
579 3668 651 3734 Jov.
673 3673 755 3751 trag.
777 3666 808 3732 5.
832 3665 933 3733 codex
955 3668 1053 3734 Maro.
1075 3668 1141 3734 434
1163 3674 1195 3733 et
1223 3667 1320 3732 editio

172 3773 259 3856 vulg.
293 3773 448 3839 sincerum
477 3778 641 3838 servarunt
669 3769 842 3836 δεινότατα
870 3771 989 3848 ταῦτα,
1025 3770 1109 3854 quod
1141 3771 1176 3837 in
1209 3770 1320 3838 ceteris

173 3877 328 3942 minutum
350 3882 484 3962 apparet
510 3877 543 3942 in
566 3875 657 3939 δεινὰ
679 3876 795 3941 ταῦτα.
840 3876 959 3942 Similis
988 3881 1093 3943 autem
1119 3875 1244 3941 medela
1265 3876 1321 3942 alii

174 4000 299 4063 quoque
326 3982 396 4047 loco
423 3981 618 4066 suppeditari
640 3988 757 4067 potest:
791 3981 861 4049 Pro
884 3980 1033 4060 imagin.
1058 3978 1116 4045 20.
1161 3979 1322 4046 Lucianus

174 4084 216 4150 de
240 4083 405 4152 laudatore
426 4085 556 4152 virtutes
586 4087 814 4173 amplificante:
844 4089 900 4149 καὶ
926 4083 1117 4170 τολμήσειεν
1143 4078 1184 4148 ἂν
1207 4083 1319 4160 ελπεΐν,

174 4183 278 4251 ἵππον
314 4190 487 4253 ἐπαινέσαι
516 4188 626 4254 θέλων
658 4189 756 4274 φύσει
785 4191 908 4274 κοῦφον
947 4180 991 4254 ὧν
1020 4185 1115 4272 ἴσμεν
1149 4186 1236 4265 ζώων
1265 4189 1321 4252 καὶ
