2944 4574
714 223 732 287 l

147 450 245 498 cansa
267 430 344 496 satis
366 436 531 516 perspecta
553 430 709 498 medelam
732 431 859 512 omnino
882 431 987 497 afferri
1009 447 1103 522 posse
1116 429 1296 514 viderimus,

147 556 243 619 quam
272 535 445 600 maximam
475 536 520 600 rei
549 535 768 621 impendemus
797 555 904 601 curam
927 555 965 600 ac
986 535 1194 618 diligentiam.
1240 534 1297 598 Sin

147 639 276 705 morbus
306 640 369 704 iam
399 658 512 724 corpus
542 639 691 706 devicerit
719 659 822 722 noque
851 638 1032 704 ullomodo
1054 641 1141 704 visus
1164 639 1222 704 erit
1245 657 1298 704 cx·

147 745 224 829 pelli
246 762 348 828 posse,
373 763 501 828 prorsus
522 744 750 810 abstinebimus
770 742 870 826 νόμον
889 742 964 808 τινὰ
984 741 1129 807 παλαιὸν
1143 746 1208 807 τῶν
1222 765 1297 825 προ-

146 845 300 930 πατόρων
321 849 376 931 τῆς
406 854 514 931 τέχνης
544 847 700 931 ἰατρῶν
729 847 956 930 φυλάττοντες.
1006 848 1091 925 Quid
1118 867 1198 934 opus
1220 867 1298 913 voce

148 949 293 1035 tarpeio?
335 949 451 1016 Medici
473 971 578 1028 nonne
599 953 677 1017 satis
700 952 857 1037 designati
876 959 950 1019 sunt
968 958 1004 1019 ut
1022 950 1229 1039 προπάτορες
1244 953 1298 1036 τῆς

147 1062 257 1139 τέχνης
280 1056 321 1120 ab
344 1056 413 1141 ipso
436 1054 622 1142 medico?1)

236 1158 341 1224 (lhar.
359 1158 393 1224 4.
434 1161 605 1226 Mercurius
628 1180 698 1226 cum
714 1160 872 1226 charonte
893 1158 954 1226 hoc
976 1159 1070 1227 modo
1093 1161 1297 1243 colloquitur:

150 1259 277 1339 άιιοῦεις
285 1264 322 1327 δέ
332 1287 367 1346 γε
374 1259 451 1338 ἴσως
458 1265 514 1325 καὶ
522 1265 580 1328 τοῦ
589 1259 733 1346 ἀδελφοῦ
741 1265 798 1328 τοῦ
807 1266 886 1346 ἐμοῦ
897 1271 973 1348 πέρι
984 1266 1051 1328 τοῦ
1060 1261 1298 1348 Ἡρακλέους

149 1362 191 1441 ὥς
213 1364 396 1443 διαδέξαιτό
418 1390 497 1432 ποτε
521 1363 621 1432 αὐτὸν
640 1371 763 1432 ἐκεῖνον
785 1363 1008 1433 τὸνἌτλαντα
1022 1370 1079 1432 καὶ
1094 1364 1299 1433 ἀναπαύσειε

148 1468 229 1554 πρὸς
248 1467 355 1554 ὀλίγον
373 1473 430 1535 τοῦ
446 1467 572 1554 ἄχθους
594 1491 663 1556 sqq.
700 1475 765 1539 Res
786 1479 916 1540 narrata
937 1473 1115 1557 legentibus
1136 1474 1182 1539 ita
1208 1473 1297 1539 inno·

147 1574 209 1642 tuit
230 1579 266 1640 ut
287 1575 326 1640 ab
341 1575 477 1642 Hercule
498 1582 601 1660 gesta,
624 1583 660 1642 ut
673 1577 848 1643 Lucienum
869 1578 975 1662 ipsum
997 1596 1112 1644 nomen
1134 1575 1297 1644 addidisse

147 1677 227 1742 mihi
259 1678 447 1762 persuadere
481 1699 645 1762 nequeam.
698 1680 857 1746 Exhibent
890 1700 962 1746 mea
994 1681 1143 1766 opinione
1176 1680 1297 1763 aliquid

149 1783 279 1865 genuini
301 1783 423 1848 codices
439 1783 525 1849 Gorl.
542 1790 574 1849 et
588 1785 751 1869 Marciani,
774 1785 829 1850 ubi
851 1785 1002 1868 legimns:
1023 1785 1192 1868 περὶτοῦ
1207 1780 1297 1847 ἄδολ-

149 1887 214 1968 φοῦ
236 1888 293 1950 τοῦ
317 1888 396 1969 ἐμοῦ
411 1889 468 1951 τοῦ
487 1885 696 1973 Ἡρακλέους.
741 1890 877 1958 Nomine
899 1896 1005 1956 autem
1023 1889 1167 1954 Herculis
1189 1887 1299 1952 addito

148 1992 251 2057 minus
273 2011 403 2059 suavem
425 2000 617 2077 teretemque
632 1995 807 2060 orationem
829 1995 946 2060 factam
967 1994 1066 2059 nimia
1080 1993 1297 2077 genetivorum

148 2097 295 2180 congerie
317 2103 471 2162 corrector
493 2117 564 2162 cum
579 2096 716 2182 videret,
740 2097 931 2183 anastrophe
946 2097 1186 2182 praepositionis
1201 2097 1297 2162 offen·

150 2200 270 2266 sionem
294 2202 361 2268 tolli
383 2208 470 2269 ratus
492 2203 603 2269 vitium
625 2203 701 2268 vitio
725 2203 854 2270 curavit.
900 2201 1087 2270 Nominibus
1110 2206 1216 2268 autem
1238 2201 1298 2265 hoc

148 2304 242 2370 modo
269 2305 392 2371 iniectis
414 2312 536 2374 scatent
557 2305 600 2372 ad
629 2306 713 2372 hunc
735 2307 818 2372 diem
842 2307 975 2372 Luciani
1004 2306 1131 2390 scripta.
1176 2304 1219 2370 Ut
1245 2304 1298 2370 Ile

150 2407 272 2475 sacrif.
297 2409 330 2480 5.
377 2411 483 2477 lovem
506 2431 578 2477 cum
602 2416 709 2476 narret
735 2418 844 2477 auctor
867 2411 948 2476 alias
970 2410 1098 2494 quidem
1119 2411 1298 2492 multasque

148 2513 276 2579 duxisse
291 2535 405 2581 uxores
426 2511 570 2598 ὑστάτην
592 2513 628 2576 δὲ
650 2512 723 2598 την
737 2509 873 2594 Ἥραν
894 2512 953 2598 την
979 2509 1133 2598 ἀδελφὴν,
1157 2514 1298 2579 codicem

131 2619 134 2626 '
150 2617 236 2683 Gorl.
259 2638 373 2685 nomen
394 2621 587 2685 omittentem
610 2617 710 2705 (quod
725 2619 745 2684 J
747 2619 900 2684 acobitius
915 2639 1040 2702 quoque
1055 2619 1143 2684 uncis
1158 2619 1297 2704 inclusit)

149 2724 238 2805 sequi
260 2743 324 2788 non
346 2724 465 2790 dubito.
512 2723 654 2792 Cunvlv.
679 2723 735 2789 16.
759 2724 857 2789 verba
880 2725 933 2786 ἐπὶ
955 2724 1013 2787 τοῦ
1036 2718 1191 2807 ἡμετέρου
1213 2722 1297 2785 θεοῦ

149 2847 170 2891 a
192 2826 310 2909 (lyrico
332 2829 540 2915 pronunciata
562 2833 594 2896 et
615 2848 671 2913 per
692 2847 727 2893 se
748 2827 819 2913 ipsa
841 2826 994 2911 dilucida,
1018 2846 1089 2892 oum
1112 2829 1296 2912 praesertim

148 2932 258 3015 paullo
280 2934 423 3018 superius
442 2930 605 3017 Ἡρακλῆς
620 2928 790 3017 ἀρχηγέτης
812 2930 980 3004 abeodem
1003 2930 1191 3017 philosopho
1214 2951 1298 2996 com·

148 3044 338 3104 memoratus
360 3039 414 3122 sit,
444 3038 544 3122 repeti
573 3056 688 3102 nomen
710 3038 769 3100 τοῦ
788 3033 988 3119 Ἡρακλέους
1010 3041 1117 3101 vetare
1140 3035 1296 3102 videntur.

149 3139 205 3204 Ib.
223 3142 256 3206 9.
280 3161 396 3207 noman
418 3137 435 3204 ὃ
451 3138 633 3224 Ζηνόθεμις
652 3142 733 3206 inter
747 3138 983 3206 Zenothemidis
998 3140 1094 3205 verba
1109 3139 1296 3205 collocatum

148 3242 242 3310 modo
268 3246 454 3311 nominatim
476 3247 643 3331 appellati,
673 3244 758 3328 quod
781 3264 851 3329 cap.
875 3245 927 3309 37.
958 3264 1015 3309 suo
1044 3244 1112 3309 iure
1141 3244 1297 3328 inseritur,

149 3348 246 3414 futilis
261 3355 309 3415 est
324 3343 492 3434 explicatio
507 3349 672 3416 verborum
695 3373 714 3433 η
729 3344 791 3424 δ’ὅς
806 3355 837 3414 ot
851 3349 1043 3413 reiciendum
1058 3350 1092 3414 in
1106 3350 1297 3433 marginem3

148 3453 233 3518 unde
253 3452 304 3519 ib.
330 3452 386 3518 32.
418 3472 543 3537 quoque
572 3453 697 3538 irrepsit
728 3449 745 3516 ὁ
767 3449 948 3535 Κλεόδημος
970 3457 1042 3536 post
1063 3453 1161 3518 verba
1182 3441 1201 3536 ἦ
1224 3447 1295 3528 δ’ὅς.

149 3558 186 3622 ln
202 3555 338 3636 Scytha
359 3564 464 3624 autem
488 3558 616 3642 dialogo
639 3554 657 3620 ὃ
675 3556 811 3637 Τόξαρις
831 3577 946 3623 nomen
969 3556 1018 3621 bis
1036 3556 1152 3639 legitur
1167 3557 1297 3621 moleste

147 3660 291 3729 additum
318 3668 349 3728 ct
371 3679 425 3743 cp.
449 3660 481 3728 2.
507 3669 579 3747 post
600 3683 709 3728 vocem
737 3656 858 3746 ὁῆρως
880 3666 912 3727 et
933 3677 989 3742 cp.
1013 3658 1069 3725 10.
1094 3666 1166 3745 post
1187 3679 1295 3725 vocem

147 3764 321 3848 βάρβαρος,
341 3766 427 3849 quod
443 3772 609 3848 utrumque
625 3786 807 3850 expungam
822 3766 1020 3848 tribuumque
1034 3764 1206 3849 interpreti,
1222 3764 1298 3846 quia

219 3941 239 4007 ¹)
259 3938 367 4005 song.
395 3939 426 3994 3.
463 3936 569 4007 ηκομή
594 3938 630 3992 ab
659 3939 753 3992 aliena
777 3954 860 3992 manu
887 3937 1007 4006 margini
1034 3936 1206 4005 adscriptum
1234 3950 1296 3990 csse

147 4026 239 4094 primo
259 4026 359 4081 obtutu
378 4025 552 4094 suspicabar.
588 4025 667 4079 Nunc
685 4025 758 4078 idem
778 4023 865 4078 video
890 4024 946 4078 iam
971 4022 1213 4079 Sommerbrodtio
1237 4023 1296 4091 pla·

148 4114 240 4168 cuisse
258 4112 383 4179 (Lucian.
401 4129 450 4181 pg.
468 4113 539 4180 115),
558 4126 677 4180 quocum
695 4111 795 4180 probo,
822 4110 899 4179 quod
915 4109 1088 4167 Fritnschius
1108 4125 1143 4164 ax
1161 4110 1295 4165 Marcion.

148 4198 212 4254 cod.
231 4199 284 4253 434
301 4199 409 4268 recepit
426 4198 592 4266 Αἰγυπτίοις.
