2944 4574
713 251 751 317 21

160 459 400 545 ἀναγκαίων
421 465 523 546 χρεία,
547 463 652 528 nosoio
673 485 715 530 an
730 468 835 529 nostro
852 481 977 546 quoquo
1000 463 1068 528 looo
1091 483 1149 547 pro
1174 457 1305 547 ἅνθρω-

159 591 228 631 πων
251 568 326 632 olim
348 568 499 653 scriptum
521 567 614 632 fuerit
636 564 887 650 ἀναγκαίων.

248 671 467 739 Hermotim.
483 674 517 738 9.
549 672 709 739 Lamianus
724 693 758 739 so
768 673 969 740 subsecutum
985 691 1054 736 osso
1068 669 1306 754 (παρειπόμην)

159 777 234 843 dicit
256 779 483 844 Hermotimum
512 781 693 844 namantom
723 784 754 845 et
782 777 878 843 fidem
902 777 930 842 ei
953 776 1099 841 habuisse
1122 778 1308 865 (ἐπίστευον

159 877 257 959 οὕτως
279 881 378 965 ἔχειν)
408 883 579 968 explicanti
610 885 768 969 sapientes
795 883 863 948 fiori
884 882 1026 947 homines
1049 882 1308 968 philosophantes

159 996 190 1055 et
211 990 309 1055 iustos
332 995 363 1054 et
385 1007 467 1071 quaa
495 989 560 1054 alia
589 997 663 1054 sunt
691 989 820 1054 huiusce
849 985 945 1071 modi,
976 1007 1015 1053 aa
1037 988 1089 1052 vol
1111 988 1249 1052 maximo
1276 1007 1310 1051 so

158 1094 349 1160 delectatum
372 1113 440 1159 esso
456 1114 495 1159 ea
509 1093 698 1159 narratione.
737 1093 816 1158 Cum
832 1098 946 1175 autem,
970 1093 1081 1175 inquit,
1106 1090 1309 1157 contenderes

158 1199 286 1266 divitias
308 1199 435 1264 eosdem
457 1198 620 1283 aspamam
641 1217 700 1263 noo
715 1217 857 1263 maerore
872 1194 966 1280 affici,
990 1193 1079 1259 πάνυ
1100 1197 1250 1258 ἐνταῦθα
1267 1234 1308 1244 -

159 1306 341 1388 ἐπέστην
372 1299 605 1387 ἀναμνησθεὶς,
637 1299 791 1387 ὁὶπρῴην
817 1295 907 1378 τῗδον
936 1302 1093 1364 ποιοῦντα
1124 1321 1192 1384 sqq.
1248 1303 1309 1366 Pro

158 1410 286 1492 vulgato
311 1411 450 1493 ἐπέστην
471 1407 571 1496 (quod
591 1409 625 1473 in
649 1407 740 1473 oodd.
764 1408 852 1473 Witt.
876 1407 913 1490 E,
937 1407 1034 1472 Maro.
1058 1407 1132 1490 434,
1168 1404 1261 1470 vind.
1279 1407 1308 1469 H

156 1514 272 1597 legitur
284 1513 430 1600 ἔπεστιν)
447 1513 617 1598 legendum
629 1532 698 1578 osso
713 1518 819 1579 censet
829 1512 1022 1578 Fritzsohias
1037 1507 1204 1596 ῆπίστνυν,
1222 1510 1306 1593 quod

157 1618 288 1710 verbum
311 1619 411 1683 solum
434 1625 518 1684 reato
540 1618 657 1705 opponi
673 1619 772 1703 possit
787 1618 1000 1704 suponioaibus
1022 1617 1195 1680 ἐπίστευον
1210 1609 1309 1690 οὕτως

158 1721 252 1802 ἔχειν.
298 1721 339 1786 At
361 1724 490 1808 propius
513 1724 602 1790 abest
624 1745 645 1789 a
666 1724 791 1789 traditis
816 1723 929 1788 litteris
950 1722 1081 1787 verbum
1105 1716 1308 1804 ἀπέστην,

157 1826 242 1909 quod
264 1829 416 1913 superiori
439 1827 645 1914 παρειπόμην
667 1830 748 1895 bene
770 1828 949 1915 opponitur.

581 3588 886 3673 Corrigenda}

153 3749 200 3803 pg.
218 3733 244 3787 2.
263 3731 360 3786 adnot.
378 3747 406 3785 v.
425 3731 450 3784 8.
469 3731 546 3801 logo:
566 3733 688 3788 orit-
707 3747 774 3801 pro:
794 3731 875 3787 orit.

153 3837 201 3889 pg.
219 3822 245 3875 3.
264 3819 329 3874 adn.
347 3836 376 3874 v.
394 3819 436 3894 32.
454 3819 534 3888 logo:
553 3815 623 3872 εἶναι
640 3835 707 3889 pro:
726 3819 804 3873 εἴναι.

153 3924 201 3976 pg.
219 3908 244 3962 8.
263 3924 291 3962 v.
311 3907 352 3961 14.
371 3908 449 3976 logo:
468 3905 716 3975 dittographia
733 3922 799 3975 pro:
818 3903 1086 3974 Dittographia.

152 4012 200 4064 pg.
221 3996 260 4052 14.
278 4013 306 4049 v.
324 3996 349 4050 3.
368 3995 444 4063 lego:
464 3991 612 4064 πρόσωπον
630 3990 717 4047 αὐτοῦ
735 4009 804 4062 pro:
823 3991 954 4062 πρόσωπα
972 3989 1088 4044 ναύταῦ.

152 4100 200 4152 pg.
215 4083 255 4137 14.
268 4083 332 4138 adn.
345 4100 373 4138 v.
385 4083 411 4137 5.
424 4084 501 4151 lege:
520 4081 663 4138 oodioes
683 4079 837 4135 Florent.
856 4085 889 4134 et
908 4079 1059 4133 Parisii
1078 4080 1111 4130 ot
1130 4075 1303 4130 Marciani

257 4186 323 4240 pro:
343 4170 413 4224 soli
433 4169 579 4225 oodioos
598 4169 744 4223 Florent
763 4172 796 4221 ot
814 4166 930 4221 Panis.
949 4166 990 4220 11.
