2944 4574
636 234 842 334 Aa„

166 464 186 509 a
207 442 375 509 'limarcho
397 443 564 512 commissa
585 447 618 508 et
640 441 864 527 Alexandriae,
892 461 987 524 quam
1009 442 1095 527 quod
1116 442 1173 508 illa
1195 449 1314 528 aperte,

167 546 247 613 haec
279 552 399 613 secreto
438 547 641 632 perpetravit.
712 545 926 622 Quamobrem
961 545 1130 630 legendum
1159 548 1315 630 ἐπιφα-

166 656 354 734 νεστέροι.

253 754 412 820 Parasit.
436 754 496 821 49.
525 756 684 840 parasitus
706 754 756 819 sui
778 755 902 838 generis
924 753 1086 820 hominum
1108 754 1238 820 virtutes
1262 773 1315 820 ex·

165 859 295 925 tollens:
319 859 462 944 Qualem,
477 861 590 944 inquit,
606 864 772 944 exspectas
787 859 870 924 bello
885 859 952 924 fore
966 849 1164 943 parasitum?
1200 860 1316 925 Nonne

165 964 301 1048 primum
315 962 443 1046 quidem
458 965 538 1029 bene
552 983 686 1049 pransus
700 963 734 1028 in
750 964 850 1028 aciem
865 963 1032 1047 egreditur,
1049 962 1315 1045 quemadmodum
1345 956 1346 962 ’

165 1068 276 1134 Ulixes
297 1057 475 1152 praecipit?
500 1063 538 1132 οὐ
560 1066 620 1152 γὰρ
643 1064 727 1131 ἀλλ’
744 1064 762 1130 ὃ
771 1091 790 1131 ν
805 1071 840 1132 ἐν
854 1065 986 1150 πολέμῳ
1000 1063 1175 1149 μάχεσθαί
1187 1084 1316 1150 φησιν

166 1168 362 1236 ἑστιάσει
384 1175 439 1236 κοιλ
462 1168 563 1247 εὐθὺς
586 1166 658 1255 ἅμα
681 1173 722 1254 sq
745 1169 917 1254 μάχεσθαι
940 1172 1017 1235 δέοι.
1060 1170 1151 1248 Quae
1164 1171 1315 1237 librorum

165 1277 264 1343 verba
282 1276 309 1342 si
324 1277 508 1361 servaveris,
532 1276 681 1359 aenigma
704 1275 835 1358 tenebis,
859 1275 945 1358 quod
967 1275 1010 1340 ad
1032 1274 1256 1361 explicandum
1275 1295 1316 1340 ne

166 1379 324 1464 Oedipodi
355 1380 483 1463 quidem
512 1381 590 1446 satis
620 1381 713 1446 luerit
735 1379 928 1446 calliditatis.
941 1415 957 1442 ο
974 1381 1111 1464 Egregie
1132 1380 1315 1462 Madvigius

167 1485 263 1572 (Adv.
280 1485 347 1550 orit.
364 1487 380 1550 Ι
395 1506 469 1570 pag.
482 1484 561 1572 698)
586 1504 627 1551 ex
640 1484 745 1552 verbis
761 1485 928 1551 manifesto
943 1485 1032 1550 falsis
1054 1502 1154 1567 φησιν
1169 1481 1315 1547 ἑστιάσει

167 1593 225 1653 καί
250 1589 359 1655 refecit
390 1606 470 1674 φησι
499 1594 631 1674 νησνίοις
661 1588 692 1654 εἰ
721 1594 778 1654 καί
804 1591 876 1656 coll.
898 1590 991 1655 Hom.
1014 1589 1053 1655 Il.
1077 1589 1157 1654 XIX
1178 1609 1209 1654 v.
1233 1589 1314 1671 2073

166 1693 313 1780 displicet
336 1699 451 1778 autem,
475 1714 537 1777 quo
557 1694 651 1760 modo
667 1694 728 1760 loci
744 1694 995 1760 emendationem
1011 1693 1175 1759 absolvere
1189 1691 1319 1758 studeat

166 1798 256 1864 initio
278 1799 454 1865 sententiae
476 1799 672 1865 coniectans:
696 1793 735 1861 οὗ
750 1795 810 1882 γὰρ
828 1793 973 1879 ἀντέχειν
989 1798 1024 1859 ἐν
1038 1794 1168 1879 πολέμῳ
1191 1796 1316 1861 sublato

166 1903 271 1988 priore
292 1903 448 1969 infinitivo
469 1900 660 1985 μάχεσθαις
682 1923 758 1968 nam
780 1907 899 1986 quanto
921 1901 1050 1987 propius
1064 1901 1122 1966 illa
1137 1901 1317 1966 coniectura

31 2037 35 2043 ·
168 2006 210 2072 ad
232 2005 351 2072 tradita
368 2007 467 2073 verba
488 2007 620 2092 accedit,
644 2025 681 2073 eo
703 2007 829 2091 longius
850 2006 930 2072 haec
950 2006 1077 2072 recedit.
1115 2005 1227 2087 Neque
1241 2023 1316 2071 vero

166 2110 269 2195 magis
291 2110 429 2178 delector
442 2111 660 2178 Hervverdenii
682 2113 870 2194 coniectura,
893 2112 948 2193 qui
968 2112 1069 2175 altera
1090 2108 1148 2174 illa
1162 2108 1317 2191 Madvigii

167 2214 274 2302 (quem
297 2216 377 2282 alias
403 2237 468 2282 non
482 2217 632 2300 inspexit)
664 2214 883 2282 emendatione
905 2219 1042 2298 arrepta,
1071 2212 1195 2278 initium
1218 2229 1316 2276 enun-

167 2320 237 2387 tiati
258 2321 304 2386 sic
319 2319 444 2386 statuit:
467 2315 505 2382 οά
520 2316 580 2404 γὰρ
598 2315 798 2406 [ιι]ἀμ[ατ]ον
813 2320 848 2381 ἐν
863 2316 992 2401 πολέμῳ
1009 2312 1193 2399 ἀνέχεσθαί
1206 2335 1316 2400 φησιν.

168 2422 245 2490 Mihi
269 2422 396 2505 quidem
410 2425 444 2489 in
458 2422 563 2489 verbis
578 2417 616 2486 od
632 2419 692 2507 γὰρ
705 2417 806 2485 'MA'
818 2419 900 2486 ‘'ON
910 2422 1110 2488 Homericum
1125 2419 1205 2484 illud
1218 2420 1318 2484 latere

167 2527 291 2596 videtur
314 2522 352 2592 od
371 2525 430 2613 γὰρ
442 2523 632 2602 ἊΓΔΘΟΝ,
652 2527 738 2609 quod
752 2527 885 2612 probata
899 2527 956 2591 illa
970 2525 1124 2609 Madvigii
1139 2525 1318 2591 coniectura

168 2632 252 2699 huno
273 2631 370 2698 elficit
391 2650 534 2698 sensum:
558 2632 631 2699 Non
653 2631 738 2698 enim
761 2630 960 2696 commodum
982 2634 1038 2713 est,
1060 2628 1172 2713 inquit,
1196 2629 1318 2695 ieiunos

168 2756 319 2822 pugnare,
343 2736 467 2802 etiamsi
487 2735 580 2801 simul
602 2755 672 2801 oum
694 2735 765 2800 luoe
785 2754 927 2820 pugnam
948 2733 1087 2819 incipere
1109 2739 1273 2818 eoguntur.

256 2840 340 2906 Luc.
366 2839 421 2906 25.
463 2841 617 2906 Latrones
639 2839 681 2905 de
695 2839 819 2922 virgine
841 2859 912 2904 oum
934 2839 1023 2905 asino
1045 2839 1182 2922 effugere
1203 2842 1319 2904 conata

168 2945 382 3013 consiliantur.
423 2949 467 3008 Τι’
479 2946 623 3026 ποιῶμεν
638 2943 698 3030 (sio
711 2946 784 3028 lego
800 2964 870 3009 cum
887 2942 1030 3029 Oobeto),
1054 2942 1115 3028 ἔφη
1138 2966 1185 3018 τις
1201 2937 1317 3016 αὐτῶν,

169 3047 227 3135 την
249 3049 422 3134 δραπέτου
448 3053 491 3114 Τί
511 3049 547 3112 δὲ
569 3043 660 3125 ἄλλο,
684 3043 774 3112 εἶπον
796 3051 912 3134 ἔτερος,
935 3043 1008 3135 iai]
1023 3045 1213 3132 γραῒοαύτη
1229 3044 1317 3108 κάτω

170 3154 395 3242 ἐπιῤῥλψωμεν
424 3149 534 3238 αὐτήν,
577 3149 781 3236 ἀφελομένην
816 3157 892 3235 μὲν
921 3151 1014 3238 (haec
1042 3153 1157 3217 vocula
1185 3151 1218 3215 in
1248 3149 1317 3216 cod.

170 3258 257 3326 Gorl.
280 3259 382 3347 deest)
405 3255 490 3346 ἡμᾶς
510 3254 791 3345 χρήματα,ιιολλά
807 3251 885 3320 ὅσον
899 3257 948 3320 ἐπ’
966 3251 1047 3342 αὐτῇ
1063 3257 1118 3319 καλ
1133 3253 1320 3341 προδοῦσαν

170 3360 247 3451 ἡμῖν
277 3359 352 3430 ὅλον
381 3362 419 3428 τὸ
440 3361 650 3451 ἐργαστήριον
656 3386 669 3441 ,·
698 3363 939 3448 Participiorum
961 3357 1165 3444 ἀφελομένην
1186 3364 1219 3426 et
1240 3379 1318 3442 προ-

170 3469 293 3534 δοῦσαν
312 3487 423 3535 sensus
438 3474 486 3534 est
499 3467 721 3554 hypotheticus
736 3465 848 3534 addita
863 3464 1046 3532 condicione
1061 3458 1140 3527 doec
1155 3462 1203 3525 ἐπ’
1222 3456 1318 3548 αὐτῇς

171 3593 274 3660 ,quae,
297 3578 449 3657 quantum
470 3592 527 3657 per
548 3572 651 3656 ipsam
673 3571 768 3655 stetit,
800 3588 875 3654 opes
903 3569 1019 3634 multas
1041 3569 1132 3634 nobis
1155 3567 1320 3653 eripuisset

171 3685 333 3762 totamque
363 3677 524 3744 officinam
545 3682 685 3742 nostram
714 3673 923 3760 prodidisset.²
968 3673 1078 3740 Malim
1099 3673 1196 3757 igitur
1217 3667 1319 3752 o’eps-

170 3781 216 3846 λο
223 3789 351 3867 μένην
373 3777 432 3846 ἀν.

257 3887 332 3954 Pro
345 3886 493 3967 imagin.
508 3885 558 3952 13.
589 3885 671 3971 Duo,
686 3885 790 3968 inquit
800 3886 1007 3968 Polystratus,
1023 3882 1116 3948 simul
1127 3879 1320 3964 incedentes,

171 4011 303 4078 procera
324 3992 405 4058 alter
426 3992 506 4058 alter
528 3992 645 4076 exigua
666 3995 797 4073 statura,
821 3990 848 4055 si
871 3985 1031 4072 aequandi
1053 3986 1125 4071 sint,
1155 3990 1190 4052 ut
1211 3989 1322 4050 neser

172 4097 312 4184 corporis
333 4095 553 4180 magnitudine
575 4096 721 4180 emineat,
756 4094 790 4160 id
811 4094 940 4159 minime
960 4092 1019 4158 liat
1039 4091 1192 4157 minorem
1213 4094 1321 4155 exten·

172 4201 277 4268 dendo
307 4196 370 4266 κάν
399 4194 449 4265 ὅτι
478 4197 625 4284 μάλισιοι
651 4197 849 4288 ἀκροποδητὶ
872 4201 1065 4284 ἐπεγείρῃ
1088 4194 1214 4260 ἑαυτόν.
1259 4195 1321 4259 Pro
