2944 4574
725 249 765 312 16

170 451 300 514 Murlcte
331 453 526 518 zusammen!
582 453 651 518 lam
684 475 783 541 supra
815 457 900 522 enim
933 455 996 542 (op.
1026 457 1072 544 4.)
1126 459 1320 544 Lampiehus

168 551 302 637 Γελῴων
323 553 479 637 τύραννος
500 559 688 643 appellatur.
732 560 865 646 Scripsit
894 581 969 646 ergo
998 562 1156 628 Lueianus
1186 562 1319 630 fortasse

169 651 328 741 ἄσμενοι
352 657 409 748 [οἱ
427 659 600 750 Γελῷοι]
623 661 785 745 γελῶσι.

255 763 308 830 De
322 763 445 831 saltat.
462 764 517 831 73.
557 766 715 834 Lucienus
738 767 867 834 cratoni
880 768 976 836 haec:
1001 767 1018 833 δ
1033 769 1071 834 δέ
1085 771 1155 834 ἐστι
1169 769 1318 854 μάλιστα

168 871 223 933 ἐπὶ
244 870 309 932 τῶν
331 865 495 953 ὀρχηστῶν
517 871 699 946 ἐπαινέσαι,
721 873 817 936 τούτο
837 867 896 957 ἤδη
919 874 981 958 δρῶ
998 897 1006 914 ·
1022 871 1060 937 τὸ
1083 872 1143 957 γὰρ
1166 874 1260 957 ἰσχύν
1281 900 1318 941 τε

167 967 238 1056 ἅμα
267 975 324 1037 καὶ
352 969 511 1059 ὑγρότητα
540 976 605 1038 τῶν
633 973 740 1057 μελῶν
770 975 971 1062 ἐπιτηδεύειν
993 973 1108 1060 ὁμοίως
1130 977 1318 1061 παράδοξον

169 1073 256 1142 εἶναι
274 1101 332 1162 μοι
355 1078 447 1143 δοκεῖ
465 1075 507 1154 ὥς
529 1098 598 1162 sqq.
643 1081 701 1146 His
723 1083 828 1147 verbis
849 1083 984 1167 primum
1006 1082 1136 1166 quidem
1157 1084 1316 1149 Lucienus

166 1183 266 1268 dieat,
297 1184 375 1267 quid
396 1184 458 1250 sibi
485 1184 600 1250 mirum
621 1184 766 1250 videatur
795 1187 986 1271 saltationis,
1016 1208 1080 1253 non
1102 1225 1146 1236 --
1167 1187 1201 1253 id
1230 1188 1315 1270 quod

165 1288 266 1354 voluit
288 1287 393 1354 disere
414 1325 458 1334 ——
480 1287 557 1371 quid
578 1288 717 1353 maxime
739 1289 880 1355 eiusdem
902 1291 944 1355 sit
964 1290 1177 1376 laudandum3
1200 1292 1317 1358 deinde

169 1411 244 1458 vero
268 1413 330 1475 quo
352 1391 481 1458 tandem
504 1392 635 1458 oonsilio
658 1393 712 1476 qui
734 1399 801 1459 toto
824 1394 952 1478 dialogo
967 1395 1060 1462 huius
1075 1398 1152 1462 artis
1167 1397 1315 1480 gnarissi-

167 1517 253 1563 mum
283 1516 318 1563 se
348 1496 485 1563 ostendit
513 1502 736 1582 speetatorem,
765 1498 793 1563 is
822 1499 892 1584 ipse
920 1500 954 1564 in
982 1499 1046 1565 fine
1075 1503 1227 1566 sermonis
1255 1503 1316 1568 sibi

166 1622 322 1669 summam
343 1603 410 1669 eius
432 1602 560 1668 laudem
582 1603 766 1686 ambiguam
787 1603 1026 1687 mirabilemque
1039 1605 1140 1671 videri
1156 1605 1316 1672 fateatur?

166 1707 295 1793 Duplioi
317 1707 392 1773 vitio
415 1706 518 1772 looum
539 1706 684 1772 laborare
706 1708 866 1792 existimo,
897 1708 997 1772 altero
1024 1710 1110 1791 quod
1131 1717 1206 1775 ante
1228 1709 1321 1773 δοκεῖ

166 1831 339 1897 pronomen
363 1830 428 1875 σοι
450 1812 529 1877 abiit
549 1812 583 1876 in
604 1833 692 1892 μοι,
722 1812 822 1877 altero
852 1811 938 1894 qnod
959 1812 1040 1876 inter
1062 1811 1262 1896 ἐπιτηδεύειν
1284 1822 1316 1879 et

166 1912 281 1999 ὁμοίως
313 1934 487 2001 pronomen
521 1909 620 1997 ὅπερ
653 1914 781 1982 exoidit.
837 1914 928 1992 Quae
960 1916 1139 1982 coniectura
1168 1917 1316 1983 editionis

165 2020 340 2106 Basileens.
363 2022 413 2086 Ill
435 2018 536 2106 (apud
557 2020 693 2087 Jaeobit.
717 2019 752 2107 g)
778 2021 912 2087 leotione
934 2015 1036 2106 ὅσπερ
1059 2018 1174 2103 ὁμοίως
1195 2023 1314 2088 nititur.

165 2127 278 2209 Itaque
288 2125 368 2191 haee
379 2117 535 2191 sententia
545 2125 665 2191 existit:
678 2123 774 2208 ‚Quid
786 2131 891 2191 autem
902 2127 1165 2211 pantomimorum
1177 2129 1315 2193 maxime

167 2231 210 2296 sit
229 2229 439 2315 laudandum,
470 2249 554 2295 nuno
576 2229 696 2295 dieam:
728 2229 822 2294 robur
852 2230 935 2296 enim
965 2230 1059 2296 simul
1085 2237 1117 2296 et
1138 2231 1314 2316 agilitatem

166 2335 378 2401 membrorum
400 2334 485 2417 quo'd
507 2340 636 2420 parunt,
659 2332 693 2398 id
715 2333 801 2416 quod
823 2333 880 2400 tibi
902 2353 1003 2417 aeque
1025 2334 1224 2421 paradoxum
1245 2355 1315 2402 esse

164 2438 290 2506 uidetur
311 2457 350 2505 ao
371 2438 450 2522 sqq!

252 2545 290 2609 ln
318 2544 382 2609 fine
410 2543 503 2609 huins
532 2542 706 2628 particulae
734 2562 859 2609 versum
889 2542 1007 2608 oolloeo
1038 2539 1194 2623 ooypoo.
1220 2542 1312 2629 140„

163 2650 218 2734 qui
240 2648 345 2715 adhue
367 2649 529 2714 mutilatus
548 2648 672 2731 legitur.
710 2648 773 2714 Ubi
786 2648 994 2732 paedagogus
1009 2646 1154 2733 Ooypodi
1169 2647 1313 2733 podagra

163 2753 436 2820 vehementissime
464 2757 579 2818 vexato
609 2770 648 2816 ao
676 2771 717 2817 ne
748 2751 884 2817 nominis
917 2751 1044 2835 quidem
1077 2752 1180 2818 morbi
1212 2773 1312 2837 gnaro

164 2858 322 2924 medioum
343 2856 420 2923 dioit
442 2857 502 2922 hoe
523 2876 638 2923 nomen
653 2875 718 2923 non
732 2857 889 2941 ignorare.
928 2856 1024 2924 Cuius
1039 2858 1177 2944 initium,
1199 2859 1311 2942 inquit,

164 2964 282 3029 assde
302 2963 403 3028 morbi
426 2960 570 3027 derivare
591 2962 674 3047 lieet,

345 3064 457 3149 Ταύτην
481 3063 522 3130 σύ
544 3063 692 3152 πρόσθες
714 3068 769 3130 ἐπὶ
790 3064 875 3130 τέλει
898 3064 1004 3150 δεινὴν
1027 3061 1138 3149 ἄγραν.

164 3172 223 3240 Oui
245 3179 426 3260 aegrotnsr

341 3279 406 3342 mu
428 3278 495 3353 πῶς
516 3274 637 3360 μετὸν
658 3274 816 3361 δύστηνον
837 3275 885 3341 ἔτι
907 3314 951 3324 -
968 3311 1003 3322 -
1017 3313 1059 3325 -

162 3383 259 3448 Error
280 3382 466 3448 manifestus
487 3388 544 3448 est.
582 3383 667 3450 Nam
689 3381 832 3470 Ooypus,
857 3402 920 3466 qua
942 3387 990 3448 ost
1011 3381 1129 3466 pedum
1149 3378 1312 3445 imbecilli·

162 3493 238 3573 tate,
261 3485 496 3571 obstupefactus
519 3506 558 3552 ao
579 3487 761 3570 perterritus
783 3485 960 3552 venationis
986 3484 1056 3549 sola
1077 3484 1236 3549 mentione
1258 3504 1311 3551 ex·

162 3598 264 3659 trema
284 3592 341 3658 illa
368 3590 466 3657 verba
488 3587 595 3674 δεινὴν
617 3585 720 3674 ἄγραν
748 3590 857 3672 iterat3
888 3608 970 3671 quae
997 3607 1101 3655 errore
1130 3588 1179 3655 bis
1208 3589 1312 3674 posita

163 3716 233 3763 esse
247 3697 424 3783 suspicatus
439 3695 542 3761 soriba
555 3695 640 3760 male
654 3695 765 3760 doetus
781 3695 880 3760 altero
894 3695 964 3760 looo
980 3695 1085 3760 omisit
1102 3694 1312 3776 laturumque

163 3801 361 3885 significavit.
418 3799 512 3877 Quod
539 3819 647 3866 verum
678 3818 747 3865 esse
778 3799 971 3881 insequentis
1000 3818 1109 3866 versus
1137 3797 1261 3863 initium
1290 3818 1312 3862 a

162 3905 352 3992 paedagogo
374 3906 488 3991 prolati
511 3906 624 3972 dooere
644 3903 782 3990 videtur,
813 3905 902 3970 ouius
930 3903 1033 3989 prima
1053 3923 1117 3968 vox
1139 3907 1311 3967 extremam

161 4011 322 4076 notionem
344 4010 537 4093 quaestionis
559 4009 688 4096 exeipit:

341 4111 436 4198 Δεινη
459 4137 521 4200 περ
545 4102 638 4191 oliuu,
661 4113 809 4198 φείδεται
831 4111 892 4198 γὰρ
915 4106 1052 4188 ούδενύς.
