<?xml version="1.0" encoding="UTF-8"?>
<!DOCTYPE html PUBLIC "-//W3C//DTD XHTML 1.0 Transitional//EN"
    "http://www.w3.org/TR/xhtml1/DTD/xhtml1-transitional.dtd">
<html xmlns="http://www.w3.org/1999/xhtml" xml:lang="en" lang="en">
 <head>
  <title>
</title>
<meta http-equiv="Content-Type" content="text/html;charset=utf-8" />
  <meta name='ocr-system' content='tesseract 3.04.00' />
  <meta name='ocr-capabilities' content='ocr_page ocr_carea ocr_par ocr_line ocrx_word'/>
</head>
<body>
  <div class='ocr_page' id='page_1' title='image "./observationescr00paetgoog_0032.png"; bbox 0 0 2944 4574; ppageno 0'>
   <div class='ocr_carea' id='block_1_1' title="bbox 150 454 1302 544">
    <p class='ocr_par' dir='ltr' id='par_1_1' title="bbox 150 454 1302 544">
     <span class='ocr_line' id='line_1_1' title="bbox 150 454 1302 544; baseline -0.002 -22"><span class='ocrx_word' id='word_1_1' title='bbox 150 461 294 544; x_wconf 74' lang='grc' dir='ltr'><em>ἐπεγείρῃ</em></span> <span class='ocrx_word' id='word_1_2' title='bbox 316 458 504 522; x_wconf 82' lang='lat' dir='ltr'>substituere</span> <span class='ocrx_word' id='word_1_3' title='bbox 526 477 589 522; x_wconf 90' lang='lat' dir='ltr'><strong>non</strong></span> <span class='ocrx_word' id='word_1_4' title='bbox 612 456 720 522; x_wconf 91' lang='lat' dir='ltr'><strong>dubito</strong></span> <span class='ocrx_word' id='word_1_5' title='bbox 744 457 875 522; x_wconf 88' lang='lat' dir='ltr'><strong>verbum</strong></span> <span class='ocrx_word' id='word_1_6' title='bbox 897 455 1038 520; x_wconf 87' lang='lat' dir='ltr'><strong>Luciano</strong></span> <span class='ocrx_word' id='word_1_7' title='bbox 1062 454 1302 521; x_wconf 87' lang='lat' dir='ltr'><strong>usitatissimum</strong></span> 
     </span>
    </p>
   </div>
   <div class='ocr_carea' id='block_1_2' title="bbox 149 560 1302 962">
    <p class='ocr_par' dir='ltr' id='par_1_2' title="bbox 149 560 1301 752">
     <span class='ocr_line' id='line_1_2' title="bbox 150 560 1301 648; baseline 0 -22"><span class='ocrx_word' id='word_1_8' title='bbox 150 567 317 648; x_wconf 82' lang='grc' dir='ltr'><em>ἐπαίρη,</em></span> <span class='ocrx_word' id='word_1_9' title='bbox 351 561 436 628; x_wconf 93' lang='lat' dir='ltr'><strong>unde</strong></span> <span class='ocrx_word' id='word_1_10' title='bbox 472 562 616 628; x_wconf 84' lang='lat' dir='ltr'><strong>socordia</strong></span> <span class='ocrx_word' id='word_1_11' title='bbox 646 562 810 628; x_wconf 71' lang='lat' dir='ltr'><strong>scribentis</strong></span> <span class='ocrx_word' id='word_1_12' title='bbox 837 561 939 645; x_wconf 89' lang='lat' dir='ltr'><strong>prima</strong></span> <span class='ocrx_word' id='word_1_13' title='bbox 961 560 1088 644; x_wconf 81' lang='lat' dir='ltr'>syllaba</span> <span class='ocrx_word' id='word_1_14' title='bbox 1117 561 1165 625; x_wconf 91' lang='lat' dir='ltr'><strong>bis</strong></span> <span class='ocrx_word' id='word_1_15' title='bbox 1196 561 1301 648; x_wconf 84' lang='lat' dir='ltr'><strong>posita</strong></span> 
     </span>
     <span class='ocr_line' id='line_1_3' title="bbox 149 667 779 752; baseline -0.002 -19"><span class='ocrx_word' id='word_1_16' title='bbox 149 669 229 734; x_wconf 90' lang='lat' dir='ltr'><strong>illud</strong></span> <span class='ocrx_word' id='word_1_17' title='bbox 251 669 381 733; x_wconf 93' lang='lat' dir='ltr'><strong>verbum</strong></span> <span class='ocrx_word' id='word_1_18' title='bbox 404 667 521 752; x_wconf 90' lang='lat' dir='ltr'><strong>prodiit</strong></span> <span class='ocrx_word' id='word_1_19' title='bbox 542 686 637 733; x_wconf 91' lang='lat' dir='ltr'><strong>sensu</strong></span> <span class='ocrx_word' id='word_1_20' title='bbox 660 687 779 734; x_wconf 89' lang='lat' dir='ltr'><strong>carens.</strong></span> 
     </span>
    </p>

    <p class='ocr_par' dir='ltr' id='par_1_3' title="bbox 151 770 1302 962">
     <span class='ocr_line' id='line_1_4' title="bbox 237 770 1302 856; baseline -0.002 -19"><span class='ocrx_word' id='word_1_21' title='bbox 237 773 318 838; x_wconf 83' lang='lat' dir='ltr'>Sunt</span> <span class='ocrx_word' id='word_1_22' title='bbox 346 773 421 856; x_wconf 91' lang='lat' dir='ltr'><strong>loci,</strong></span> <span class='ocrx_word' id='word_1_23' title='bbox 460 773 574 855; x_wconf 91' lang='lat' dir='ltr'><strong>quibus</strong></span> <span class='ocrx_word' id='word_1_24' title='bbox 611 773 731 838; x_wconf 87' lang='lat' dir='ltr'><strong>librarii</strong></span> <span class='ocrx_word' id='word_1_25' title='bbox 761 772 840 837; x_wconf 87' lang='lat' dir='ltr'><strong>vitia</strong></span> <span class='ocrx_word' id='word_1_26' title='bbox 869 770 1047 836; x_wconf 81' lang='lat' dir='ltr'><strong>invexerint</strong></span> <span class='ocrx_word' id='word_1_27' title='bbox 1076 771 1302 837; x_wconf 88' lang='lat' dir='ltr'><strong>adiectivorum</strong></span> 
     </span>
     <span class='ocr_line' id='line_1_5' title="bbox 151 872 1302 962; baseline -0.001 -21"><span class='ocrx_word' id='word_1_28' title='bbox 151 878 269 961; x_wconf 84' lang='lat' dir='ltr'><strong>gradus</strong></span> <span class='ocrx_word' id='word_1_29' title='bbox 292 883 409 942; x_wconf 88' lang='lat' dir='ltr'><strong>temere</strong></span> <span class='ocrx_word' id='word_1_30' title='bbox 424 872 657 943; x_wconf 85' lang='lat' dir='ltr'><strong>commutando.</strong></span> <span class='ocrx_word' id='word_1_31' title='bbox 695 878 739 942; x_wconf 92' lang='lat' dir='ltr'><strong>Ut</strong></span> <span class='ocrx_word' id='word_1_32' title='bbox 753 876 945 942; x_wconf 84' lang='lat' dir='ltr'><strong>Fritzschius</strong></span> <span class='ocrx_word' id='word_1_33' title='bbox 962 877 1101 942; x_wconf 87' lang='lat' dir='ltr'><strong>Hermot.</strong></span> <span class='ocrx_word' id='word_1_34' title='bbox 1119 877 1180 942; x_wconf 79' lang='lat'><strong>29.‘</strong></span> <span class='ocrx_word' id='word_1_35' title='bbox 1195 895 1302 962; x_wconf 87' lang='lat' dir='ltr'><strong>super-</strong></span> 
     </span>
    </p>
   </div>
   <div class='ocr_carea' id='block_1_3' title="bbox 149 975 1431 1066">
    <p class='ocr_par' dir='ltr' id='par_1_4' title="bbox 149 975 1431 1066">
     <span class='ocr_line' id='line_1_6' title="bbox 149 975 1431 1066; baseline -0.002 -20"><span class='ocrx_word' id='word_1_36' title='bbox 149 982 281 1048; x_wconf 90' lang='lat' dir='ltr'><strong>lativum</strong></span> <span class='ocrx_word' id='word_1_37' title='bbox 301 977 555 1065; x_wconf 78' lang='grc' dir='ltr'><em>ἄοφαλέοτατον</em></span> <span class='ocrx_word' id='word_1_38' title='bbox 577 981 689 1047; x_wconf 87' lang='lat' dir='ltr'><strong>cedere</strong></span> <span class='ocrx_word' id='word_1_39' title='bbox 704 982 790 1048; x_wconf 83' lang='lat' dir='ltr'><strong>iubet</strong></span> <span class='ocrx_word' id='word_1_40' title='bbox 806 981 1020 1066; x_wconf 90' lang='lat' dir='ltr'><strong>comparativo</strong></span> <span class='ocrx_word' id='word_1_41' title='bbox 1044 975 1301 1066; x_wconf 75' lang='grc' dir='ltr'><em>ἀσφαλέστερον,</em></span> <span class='ocrx_word' id='word_1_42' title='bbox 1427 995 1431 1002; x_wconf 92' lang='grc'><em>·</em></span> 
     </span>
    </p>
   </div>
   <div class='ocr_carea' id='block_1_4' title="bbox 149 1084 1302 1279">
    <p class='ocr_par' dir='ltr' id='par_1_5' title="bbox 149 1084 1302 1279">
     <span class='ocr_line' id='line_1_7' title="bbox 149 1084 1302 1172; baseline -0.002 -20"><span class='ocrx_word' id='word_1_43' title='bbox 149 1087 210 1153; x_wconf 89' lang='lat' dir='ltr'><strong>hoc</strong></span> <span class='ocrx_word' id='word_1_44' title='bbox 228 1088 338 1153; x_wconf 90' lang='lat' dir='ltr'><strong>vitium</strong></span> <span class='ocrx_word' id='word_1_45' title='bbox 361 1085 509 1170; x_wconf 85' lang='lat' dir='ltr'><strong>¹frequens</strong></span> <span class='ocrx_word' id='word_1_46' title='bbox 525 1089 700 1172; x_wconf 89' lang='lat' dir='ltr'><strong>appellans,</strong></span> <span class='ocrx_word' id='word_1_47' title='bbox 725 1093 755 1152; x_wconf 92' lang='lat' dir='ltr'><strong>et</strong></span> <span class='ocrx_word' id='word_1_48' title='bbox 770 1086 974 1172; x_wconf 91' lang='lat' dir='ltr'><strong>Philopseud.</strong></span> <span class='ocrx_word' id='word_1_49' title='bbox 990 1084 1042 1150; x_wconf 77' lang='lat'><strong>25.</strong></span> <span class='ocrx_word' id='word_1_50' title='bbox 1067 1105 1106 1150; x_wconf 88' lang='lat' dir='ltr'><strong>ex</strong></span> <span class='ocrx_word' id='word_1_51' title='bbox 1127 1106 1189 1151; x_wconf 92' lang='lat' dir='ltr'><strong>uno</strong></span> <span class='ocrx_word' id='word_1_52' title='bbox 1205 1085 1302 1151; x_wconf 79' lang='lat' dir='ltr'><strong>Grae·</strong></span> 
     </span>
     <span class='ocr_line' id='line_1_8' title="bbox 150 1189 1302 1279; baseline -0.003 -21"><span class='ocrx_word' id='word_1_53' title='bbox 150 1193 244 1258; x_wconf 87' lang='lat' dir='ltr'><strong>viano</strong></span> <span class='ocrx_word' id='word_1_54' title='bbox 268 1191 337 1257; x_wconf 90' lang='lat' dir='ltr'><strong>eod.</strong></span> <span class='ocrx_word' id='word_1_55' title='bbox 360 1191 389 1257; x_wconf 88' lang='lat' dir='ltr'>V</span> <span class='ocrx_word' id='word_1_56' title='bbox 411 1192 640 1279; x_wconf 80' lang='lat' dir='ltr'><strong>superlativum</strong></span> <span class='ocrx_word' id='word_1_57' title='bbox 663 1189 886 1276; x_wconf 77' lang='grc' dir='ltr'><strong><em>σφοδρότατος</em></strong></span> <span class='ocrx_word' id='word_1_58' title='bbox 915 1211 973 1276; x_wconf 95' lang='lat' dir='ltr'><strong>pro</strong></span> <span class='ocrx_word' id='word_1_59' title='bbox 997 1191 1210 1276; x_wconf 89' lang='lat' dir='ltr'><strong>comparativo</strong></span> <span class='ocrx_word' id='word_1_60' title='bbox 1233 1210 1302 1274; x_wconf 92' lang='lat' dir='ltr'><strong>per-</strong></span> 
     </span>
    </p>
   </div>
   <div class='ocr_carea' id='block_1_5' title="bbox 29 1291 1302 1382">
    <p class='ocr_par' dir='ltr' id='par_1_6' title="bbox 29 1291 1302 1382">
     <span class='ocr_line' id='line_1_9' title="bbox 29 1291 1302 1382; baseline -0.003 -20"><span class='ocrx_word' id='word_1_61' title='bbox 29 1313 33 1325; x_wconf 86' lang='lat'>&#39;</span> <span class='ocrx_word' id='word_1_62' title='bbox 152 1317 241 1364; x_wconf 91' lang='lat' dir='ltr'><strong>verso</strong></span> <span class='ocrx_word' id='word_1_63' title='bbox 269 1297 417 1382; x_wconf 81' lang='lat' dir='ltr'><strong>assumit,</strong></span> <span class='ocrx_word' id='word_1_64' title='bbox 452 1304 483 1363; x_wconf 89' lang='lat' dir='ltr'><strong>et</strong></span> <span class='ocrx_word' id='word_1_65' title='bbox 514 1297 671 1363; x_wconf 90' lang='lat' dir='ltr'><strong>Prometh.</strong></span> <span class='ocrx_word' id='word_1_66' title='bbox 702 1297 735 1362; x_wconf 92' lang='lat' dir='ltr'><strong>in</strong></span> <span class='ocrx_word' id='word_1_67' title='bbox 757 1297 843 1363; x_wconf 92' lang='lat' dir='ltr'><strong>verb.</strong></span> <span class='ocrx_word' id='word_1_68' title='bbox 871 1298 901 1362; x_wconf 84' lang='lat'><strong>3.</strong></span> <span class='ocrx_word' id='word_1_69' title='bbox 944 1294 1029 1378; x_wconf 92' lang='lat' dir='ltr'><strong>quod</strong></span> <span class='ocrx_word' id='word_1_70' title='bbox 1063 1295 1134 1360; x_wconf 85' lang='lat' dir='ltr'><strong>libri</strong></span> <span class='ocrx_word' id='word_1_71' title='bbox 1163 1291 1302 1380; x_wconf 81' lang='lat' dir='ltr'><strong>tradunt,</strong></span> 
     </span>
    </p>
   </div>
   <div class='ocr_carea' id='block_1_6' title="bbox 73 1397 1394 4423">
    <p class='ocr_par' dir='ltr' id='par_1_7' title="bbox 73 1397 1394 4226">
     <span class='ocr_line' id='line_1_10' title="bbox 151 1397 1302 1487; baseline 0.001 -23"><span class='ocrx_word' id='word_1_72' title='bbox 151 1397 377 1486; x_wconf 75' lang='grc' dir='ltr'><em>εὐφημότατον</em></span> <span class='ocrx_word' id='word_1_73' title='bbox 399 1403 432 1468; x_wconf 88' lang='lat' dir='ltr'><strong>in</strong></span> <span class='ocrx_word' id='word_1_74' title='bbox 455 1399 676 1487; x_wconf 78' lang='grc' dir='ltr'><em>εὐφημότερον</em></span> <span class='ocrx_word' id='word_1_75' title='bbox 698 1403 835 1485; x_wconf 82' lang='lat' dir='ltr'><strong>corrigit.</strong></span> <span class='ocrx_word' id='word_1_76' title='bbox 872 1402 947 1467; x_wconf 90' lang='lat' dir='ltr'><strong>Pari</strong></span> <span class='ocrx_word' id='word_1_77' title='bbox 969 1407 1078 1466; x_wconf 88' lang='lat' dir='ltr'><strong>autem</strong></span> <span class='ocrx_word' id='word_1_78' title='bbox 1100 1401 1221 1466; x_wconf 86' lang='lat' dir='ltr'><strong>ratione</strong></span> <span class='ocrx_word' id='word_1_79' title='bbox 1244 1401 1302 1466; x_wconf 86' lang='lat' dir='ltr'><strong>Co·</strong></span> 
     </span>
     <span class='ocr_line' id='line_1_11' title="bbox 150 1503 1303 1594; baseline -0.001 -22"><span class='ocrx_word' id='word_1_80' title='bbox 150 1507 241 1574; x_wconf 84' lang='lat' dir='ltr'><strong>batus</strong></span> <span class='ocrx_word' id='word_1_81' title='bbox 264 1507 353 1593; x_wconf 85' lang='lat' dir='ltr'><strong>(Var.</strong></span> <span class='ocrx_word' id='word_1_82' title='bbox 378 1509 462 1573; x_wconf 91' lang='lat' dir='ltr'><strong>Leet.</strong></span> <span class='ocrx_word' id='word_1_83' title='bbox 486 1528 561 1593; x_wconf 83' lang='lat' dir='ltr'><strong>pag.</strong></span> <span class='ocrx_word' id='word_1_84' title='bbox 589 1506 664 1594; x_wconf 82' lang='lat'>162)</span> <span class='ocrx_word' id='word_1_85' title='bbox 709 1509 764 1572; x_wconf 91' lang='lat' dir='ltr'><strong>Bis</strong></span> <span class='ocrx_word' id='word_1_86' title='bbox 791 1526 895 1573; x_wconf 87' lang='lat' dir='ltr'><strong>accus.</strong></span> <span class='ocrx_word' id='word_1_87' title='bbox 921 1509 971 1574; x_wconf 90' lang='grc'><strong>11.</strong></span> <span class='ocrx_word' id='word_1_88' title='bbox 989 1503 1056 1591; x_wconf 70' lang='lat' dir='ltr'><strong>pro</strong></span> <span class='ocrx_word' id='word_1_89' title='bbox 1079 1506 1303 1593; x_wconf 78' lang='lat' dir='ltr'><strong>comparativis</strong></span> 
     </span>
     <span class='ocr_line' id='line_1_12' title="bbox 73 1605 1303 1698; baseline 0 -22"><span class='ocrx_word' id='word_1_90' title='bbox 73 1639 77 1647; x_wconf 58' lang='lat'>*</span> <span class='ocrx_word' id='word_1_91' title='bbox 150 1611 259 1676; x_wconf 86' lang='lat' dir='ltr'><strong>formis</strong></span> <span class='ocrx_word' id='word_1_92' title='bbox 280 1610 641 1698; x_wconf 80' lang='grc' dir='ltr'><em>μεγαλοφωνότερος-</em></span> <span class='ocrx_word' id='word_1_93' title='bbox 660 1609 866 1697; x_wconf 75' lang='grc' dir='ltr'><em>θρασύτερος</em></span> <span class='ocrx_word' id='word_1_94' title='bbox 881 1649 924 1658; x_wconf 78' lang='lat'><em>-</em></span> <span class='ocrx_word' id='word_1_95' title='bbox 939 1605 1071 1694; x_wconf 69' lang='grc' dir='ltr'><em>ὕστερος</em></span> <span class='ocrx_word' id='word_1_96' title='bbox 1093 1611 1303 1696; x_wconf 84' lang='lat' dir='ltr'><strong>superlativas</strong></span> 
     </span>
     <span class='ocr_line' id='line_1_13' title="bbox 150 1715 1302 1800; baseline 0 -20"><span class='ocrx_word' id='word_1_97' title='bbox 150 1715 236 1780; x_wconf 88' lang='lat' dir='ltr'><strong>refici</strong></span> <span class='ocrx_word' id='word_1_98' title='bbox 253 1717 329 1799; x_wconf 90' lang='lat' dir='ltr'><strong>vult,</strong></span> <span class='ocrx_word' id='word_1_99' title='bbox 352 1716 386 1781; x_wconf 94' lang='lat' dir='ltr'><strong>id</strong></span> <span class='ocrx_word' id='word_1_100' title='bbox 408 1717 493 1800; x_wconf 92' lang='lat' dir='ltr'><strong>quod</strong></span> <span class='ocrx_word' id='word_1_101' title='bbox 509 1738 616 1784; x_wconf 90' lang='lat' dir='ltr'><strong>verum</strong></span> <span class='ocrx_word' id='word_1_102' title='bbox 640 1736 709 1786; x_wconf 90' lang='lat' dir='ltr'><strong>esse</strong></span> <span class='ocrx_word' id='word_1_103' title='bbox 731 1715 923 1782; x_wconf 85' lang='lat' dir='ltr'><strong>Fritzsohius</strong></span> <span class='ocrx_word' id='word_1_104' title='bbox 945 1716 978 1780; x_wconf 92' lang='lat' dir='ltr'><strong>in</strong></span> <span class='ocrx_word' id='word_1_105' title='bbox 994 1715 1198 1784; x_wconf 82' lang='lat' dir='ltr'><strong>adnotatione</strong></span> <span class='ocrx_word' id='word_1_106' title='bbox 1219 1715 1302 1781; x_wconf 88' lang='lat' dir='ltr'><strong>affir-</strong></span> 
     </span>
     <span class='ocr_line' id='line_1_14' title="bbox 150 1819 1304 1907; baseline 0 -21"><span class='ocrx_word' id='word_1_107' title='bbox 150 1828 226 1904; x_wconf 88' lang='lat' dir='ltr'><strong>mat,</strong></span> <span class='ocrx_word' id='word_1_108' title='bbox 244 1841 436 1906; x_wconf 91' lang='lat' dir='ltr'><strong>quamquam</strong></span> <span class='ocrx_word' id='word_1_109' title='bbox 451 1825 557 1890; x_wconf 90' lang='lat' dir='ltr'><strong>nescio</strong></span> <span class='ocrx_word' id='word_1_110' title='bbox 573 1844 637 1906; x_wconf 93' lang='lat' dir='ltr'><strong>qua</strong></span> <span class='ocrx_word' id='word_1_111' title='bbox 652 1843 749 1890; x_wconf 89' lang='lat' dir='ltr'><strong>causa</strong></span> <span class='ocrx_word' id='word_1_112' title='bbox 763 1823 795 1888; x_wconf 91' lang='lat' dir='ltr'><strong>in</strong></span> <span class='ocrx_word' id='word_1_113' title='bbox 811 1827 900 1888; x_wconf 89' lang='lat' dir='ltr'><strong>textu</strong></span> <span class='ocrx_word' id='word_1_114' title='bbox 914 1822 983 1907; x_wconf 90' lang='lat' dir='ltr'><strong>ipse</strong></span> <span class='ocrx_word' id='word_1_115' title='bbox 997 1842 1061 1886; x_wconf 91' lang='lat' dir='ltr'><strong>non</strong></span> <span class='ocrx_word' id='word_1_116' title='bbox 1077 1821 1175 1906; x_wconf 87' lang='lat' dir='ltr'><strong>ponit.</strong></span> <span class='ocrx_word' id='word_1_117' title='bbox 1214 1819 1304 1898; x_wconf 80' lang='lat' dir='ltr'><strong>Quae</strong></span> 
     </span>
     <span class='ocr_line' id='line_1_15' title="bbox 150 1925 1300 1994; baseline 0 -2"><span class='ocrx_word' id='word_1_118' title='bbox 150 1926 386 1994; x_wconf 88' lang='lat' dir='ltr'><strong>emendationes</strong></span> <span class='ocrx_word' id='word_1_119' title='bbox 402 1930 487 1994; x_wconf 91' lang='lat' dir='ltr'><strong>viam</strong></span> <span class='ocrx_word' id='word_1_120' title='bbox 510 1928 653 1994; x_wconf 85' lang='lat' dir='ltr'><strong>indicant</strong></span> <span class='ocrx_word' id='word_1_121' title='bbox 675 1929 733 1994; x_wconf 93' lang='lat' dir='ltr'><strong>hos</strong></span> <span class='ocrx_word' id='word_1_122' title='bbox 756 1928 836 1994; x_wconf 90' lang='lat' dir='ltr'><strong>duos</strong></span> <span class='ocrx_word' id='word_1_123' title='bbox 858 1928 944 1993; x_wconf 91' lang='lat' dir='ltr'><strong>locos</strong></span> <span class='ocrx_word' id='word_1_124' title='bbox 966 1925 1113 1993; x_wconf 90' lang='lat' dir='ltr'><strong>sanandi.</strong></span> <span class='ocrx_word' id='word_1_125' title='bbox 1154 1925 1300 1994; x_wconf 79' lang='lat' dir='ltr'><strong>Satura.</strong></span> 
     </span>
     <span class='ocr_line' id='line_1_16' title="bbox 152 2027 1303 2118; baseline 0 -22"><span class='ocrx_word' id='word_1_126' title='bbox 152 2030 206 2096; x_wconf 71' lang='lat'><strong>32.</strong></span> <span class='ocrx_word' id='word_1_127' title='bbox 231 2032 272 2097; x_wconf 83' lang='lat' dir='ltr'><strong>de</strong></span> <span class='ocrx_word' id='word_1_128' title='bbox 294 2033 446 2099; x_wconf 86' lang='lat' dir='ltr'><strong>conviviis</strong></span> <span class='ocrx_word' id='word_1_129' title='bbox 468 2053 540 2102; x_wconf 79' lang='lat' dir='ltr'><strong>cum</strong></span> <span class='ocrx_word' id='word_1_130' title='bbox 561 2035 722 2118; x_wconf 79' lang='lat' dir='ltr'><strong>legamus:</strong></span> <span class='ocrx_word' id='word_1_131' title='bbox 753 2031 791 2096; x_wconf 84' lang='grc' dir='ltr'><strong>τὸ</strong></span> <span class='ocrx_word' id='word_1_132' title='bbox 814 2033 890 2115; x_wconf 78' lang='grc' dir='ltr'><em>γοῦν</em></span> <span class='ocrx_word' id='word_1_133' title='bbox 911 2027 1044 2117; x_wconf 73' lang='grc' dir='ltr'><em>ἥδιστον</em></span> <span class='ocrx_word' id='word_1_134' title='bbox 1066 2033 1122 2096; x_wconf 83' lang='grc' dir='ltr'><strong>καὶ</strong></span> <span class='ocrx_word' id='word_1_135' title='bbox 1145 2051 1303 2115; x_wconf 74' lang='lat' dir='ltr'><strong>copae-</strong></span> 
     </span>
     <span class='ocr_line' id='line_1_17' title="bbox 150 2133 1303 2224; baseline 0.002 -24"><span class='ocrx_word' id='word_1_136' title='bbox 150 2134 379 2224; x_wconf 76' lang='grc' dir='ltr'><em>τικεότερον</em></span> <span class='ocrx_word' id='word_1_137' title='bbox 400 2133 419 2223; x_wconf 78' lang='grc' dir='ltr'><em>η</em></span> <span class='ocrx_word' id='word_1_138' title='bbox 443 2138 589 2221; x_wconf 84' lang='grc' dir='ltr'><em>ἰσοτιμία</em></span> <span class='ocrx_word' id='word_1_139' title='bbox 619 2140 723 2215; x_wconf 75' lang='grc' dir='ltr'><em>ἐστίν,</em></span> <span class='ocrx_word' id='word_1_140' title='bbox 757 2139 828 2221; x_wconf 82' lang='lat' dir='ltr'><strong>quis</strong></span> <span class='ocrx_word' id='word_1_141' title='bbox 859 2143 906 2204; x_wconf 83' lang='lat' dir='ltr'><strong>est</strong></span> <span class='ocrx_word' id='word_1_142' title='bbox 936 2138 1013 2221; x_wconf 88' lang='lat' dir='ltr'><strong>quin</strong></span> <span class='ocrx_word' id='word_1_143' title='bbox 1044 2137 1303 2220; x_wconf 79' lang='grc' dir='ltr'><em>συμποτικώ-</em></span> 
     </span>
     <span class='ocr_line' id='line_1_18' title="bbox 150 2238 1394 2328; baseline 0.003 -22"><span class='ocrx_word' id='word_1_144' title='bbox 150 2265 280 2306; x_wconf 89' lang='grc' dir='ltr'><em>τατον</em></span> <span class='ocrx_word' id='word_1_145' title='bbox 301 2243 441 2311; x_wconf 88' lang='lat' dir='ltr'><strong>vindicet</strong></span> <span class='ocrx_word' id='word_1_146' title='bbox 463 2238 629 2311; x_wconf 78' lang='lat' dir='ltr'><strong>Lucianb?</strong></span> <span class='ocrx_word' id='word_1_147' title='bbox 675 2243 842 2324; x_wconf 81' lang='lat' dir='ltr'><strong>Necycm.</strong></span> <span class='ocrx_word' id='word_1_148' title='bbox 868 2241 918 2309; x_wconf 81' lang='lat'><strong>21.</strong></span> <span class='ocrx_word' id='word_1_149' title='bbox 967 2242 1106 2309; x_wconf 86' lang='lat' dir='ltr'><strong>Tiresias</strong></span> <span class='ocrx_word' id='word_1_150' title='bbox 1128 2244 1303 2328; x_wconf 85' lang='lat' dir='ltr'><strong>interroga-</strong></span> <span class='ocrx_word' id='word_1_151' title='bbox 1392 2272 1394 2275; x_wconf 59' lang='grc'>’</span> 
     </span>
     <span class='ocr_line' id='line_1_19' title="bbox 150 2347 1304 2435; baseline 0.003 -24"><span class='ocrx_word' id='word_1_152' title='bbox 150 2353 210 2435; x_wconf 87' lang='lat' dir='ltr'><strong>tus,</strong></span> <span class='ocrx_word' id='word_1_153' title='bbox 234 2349 337 2431; x_wconf 91' lang='lat' dir='ltr'><strong>qualis</strong></span> <span class='ocrx_word' id='word_1_154' title='bbox 360 2350 427 2414; x_wconf 87' lang='lat' dir='ltr'><strong>vita</strong></span> <span class='ocrx_word' id='word_1_155' title='bbox 448 2349 570 2434; x_wconf 89' lang='lat' dir='ltr'><strong>optima</strong></span> <span class='ocrx_word' id='word_1_156' title='bbox 592 2350 633 2415; x_wconf 89' lang='lat' dir='ltr'><strong>sit</strong></span> <span class='ocrx_word' id='word_1_157' title='bbox 655 2347 876 2434; x_wconf 90' lang='lat' dir='ltr'><strong>existimanda,</strong></span> <span class='ocrx_word' id='word_1_158' title='bbox 907 2355 941 2414; x_wconf 96' lang='lat' dir='ltr'><strong>ut</strong></span> <span class='ocrx_word' id='word_1_159' title='bbox 963 2349 1060 2432; x_wconf 81' lang='lat' dir='ltr'><strong>vulgo</strong></span> <span class='ocrx_word' id='word_1_160' title='bbox 1083 2348 1228 2433; x_wconf 84' lang='lat' dir='ltr'><strong>legimus,</strong></span> <span class='ocrx_word' id='word_1_161' title='bbox 1258 2351 1304 2416; x_wconf 91' lang='lat' dir='ltr'><strong>sic</strong></span> 
     </span>
     <span class='ocr_line' id='line_1_20' title="bbox 151 2449 1304 2538; baseline 0.001 -21"><span class='ocrx_word' id='word_1_162' title='bbox 151 2453 337 2538; x_wconf 77' lang='lat' dir='ltr'><strong>respondet:</strong></span> <span class='ocrx_word' id='word_1_163' title='bbox 362 2451 379 2517; x_wconf 81' lang='lat' dir='ltr'><strong>d</strong></span> <span class='ocrx_word' id='word_1_164' title='bbox 402 2455 467 2518; x_wconf 82' lang='grc' dir='ltr'><strong>τῶν</strong></span> <span class='ocrx_word' id='word_1_165' title='bbox 490 2452 627 2517; x_wconf 78' lang='grc' dir='ltr'><em>ἰδιωτῶν</em></span> <span class='ocrx_word' id='word_1_166' title='bbox 643 2449 774 2538; x_wconf 81' lang='grc' dir='ltr'><em>ἄριστος</em></span> <span class='ocrx_word' id='word_1_167' title='bbox 789 2459 857 2538; x_wconf 79' lang='grc' dir='ltr'><em>βίος</em></span> <span class='ocrx_word' id='word_1_168' title='bbox 878 2456 933 2517; x_wconf 75' lang='grc' dir='ltr'><strong>καὶ</strong></span> <span class='ocrx_word' id='word_1_169' title='bbox 957 2459 1304 2538; x_wconf 78' lang='grc' dir='ltr'><em>σωφρονέστερος</em></span> 
     </span>
     <span class='ocr_line' id='line_1_21' title="bbox 151 2554 1304 2645; baseline 0.003 -25"><span class='ocrx_word' id='word_1_170' title='bbox 151 2554 198 2632; x_wconf 77' lang='grc' dir='ltr'><em>ὥς</em></span> <span class='ocrx_word' id='word_1_171' title='bbox 221 2560 274 2642; x_wconf 78' lang='grc' dir='ltr'><em>τῆς</em></span> <span class='ocrx_word' id='word_1_172' title='bbox 298 2555 483 2644; x_wconf 78' lang='grc' dir='ltr'><em>ἀφροσύνης</em></span> <span class='ocrx_word' id='word_1_173' title='bbox 504 2557 715 2642; x_wconf 80' lang='grc' dir='ltr'><em>παυσάμενος</em></span> <span class='ocrx_word' id='word_1_174' title='bbox 738 2561 794 2623; x_wconf 79' lang='grc' dir='ltr'><strong>τοῦ</strong></span> <span class='ocrx_word' id='word_1_175' title='bbox 816 2559 1065 2645; x_wconf 80' lang='grc' dir='ltr'><em>μετεωρολογεῖν</em></span> <span class='ocrx_word' id='word_1_176' title='bbox 1086 2597 1129 2604; x_wconf 93' lang='grc'>-</span> <span class='ocrx_word' id='word_1_177' title='bbox 1144 2560 1304 2624; x_wconf 79' lang='grc' dir='ltr'><em>-τοῦτο</em></span> 
     </span>
     <span class='ocr_line' id='line_1_22' title="bbox 150 2659 1304 2752; baseline 0.006 -27"><span class='ocrx_word' id='word_1_178' title='bbox 150 2659 251 2744; x_wconf 89' lang='grc' dir='ltr'><em>μόνον</em></span> <span class='ocrx_word' id='word_1_179' title='bbox 274 2665 308 2739; x_wconf 75' lang='grc' dir='ltr'><strong>ἐξ</strong></span> <span class='ocrx_word' id='word_1_180' title='bbox 332 2659 475 2741; x_wconf 76' lang='grc' dir='ltr'><em>ἅπαντος</em></span> <span class='ocrx_word' id='word_1_181' title='bbox 497 2662 632 2752; x_wconf 73' lang='grc' dir='ltr'><em>θηράοη</em></span> <span class='ocrx_word' id='word_1_182' title='bbox 655 2660 740 2741; x_wconf 81' lang='grc' dir='ltr'><em>ὅπως</em></span> <span class='ocrx_word' id='word_1_183' title='bbox 761 2684 830 2748; x_wconf 88' lang='lat' dir='ltr'><strong>sqq.</strong></span> <span class='ocrx_word' id='word_1_184' title='bbox 875 2665 974 2731; x_wconf 91' lang='lat' dir='ltr'><strong>Immo</strong></span> <span class='ocrx_word' id='word_1_185' title='bbox 997 2666 1122 2752; x_wconf 87' lang='lat' dir='ltr'><strong>scripsit</strong></span> <span class='ocrx_word' id='word_1_186' title='bbox 1143 2665 1304 2733; x_wconf 86' lang='lat' dir='ltr'><strong>Lucianus</strong></span> 
     </span>
     <span class='ocr_line' id='line_1_23' title="bbox 153 2761 1305 2858; baseline 0.006 -28"><span class='ocrx_word' id='word_1_187' title='bbox 153 2776 505 2854; x_wconf 78' lang='grc' dir='ltr'><em>σωφρονέστατος</em></span> <span class='ocrx_word' id='word_1_188' title='bbox 529 2761 562 2854; x_wconf 79' lang='grc' dir='ltr'><strong>ᾧ,</strong></span> <span class='ocrx_word' id='word_1_189' title='bbox 587 2772 675 2837; x_wconf 92' lang='lat' dir='ltr'><strong>cuius</strong></span> <span class='ocrx_word' id='word_1_190' title='bbox 689 2771 832 2838; x_wconf 90' lang='lat' dir='ltr'><strong>lectionis</strong></span> <span class='ocrx_word' id='word_1_191' title='bbox 846 2766 972 2855; x_wconf 79' lang='lat' dir='ltr'><strong>vestigii</strong></span> <span class='ocrx_word' id='word_1_192' title='bbox 995 2769 1116 2854; x_wconf 90' lang='lat' dir='ltr'><strong>aliquid</strong></span> <span class='ocrx_word' id='word_1_193' title='bbox 1138 2772 1252 2858; x_wconf 80' lang='lat' dir='ltr'><strong>restitit</strong></span> <span class='ocrx_word' id='word_1_194' title='bbox 1271 2771 1305 2837; x_wconf 93' lang='lat' dir='ltr'><strong>in</strong></span> 
     </span>
     <span class='ocr_line' id='line_1_24' title="bbox 152 2867 1304 2963; baseline 0.004 -25"><span class='ocrx_word' id='word_1_195' title='bbox 152 2875 338 2957; x_wconf 86' lang='lat' dir='ltr'><strong>Augustano</strong></span> <span class='ocrx_word' id='word_1_196' title='bbox 362 2874 431 2942; x_wconf 88' lang='lat' dir='ltr'><strong>eod.</strong></span> <span class='ocrx_word' id='word_1_197' title='bbox 456 2875 499 2942; x_wconf 84' lang='lat'><strong>0:</strong></span> <span class='ocrx_word' id='word_1_198' title='bbox 523 2880 591 2959; x_wconf 79' lang='grc' dir='ltr'><em>βίος</em></span> <span class='ocrx_word' id='word_1_199' title='bbox 614 2867 662 2960; x_wconf 64' lang='lat' dir='ltr'><strong>qiu</strong></span> <span class='ocrx_word' id='word_1_200' title='bbox 684 2877 738 2961; x_wconf 78' lang='grc' dir='ltr'><em>της</em></span> <span class='ocrx_word' id='word_1_201' title='bbox 770 2875 894 2963; x_wconf 82' lang='lat' dir='ltr'><strong>(ceteris</strong></span> <span class='ocrx_word' id='word_1_202' title='bbox 920 2875 1067 2962; x_wconf 88' lang='lat' dir='ltr'><strong>omissis).</strong></span> <span class='ocrx_word' id='word_1_203' title='bbox 1114 2877 1304 2961; x_wconf 90' lang='lat' dir='ltr'><strong>Interpretes</strong></span> 
     </span>
     <span class='ocr_line' id='line_1_25' title="bbox 152 2981 1303 3067; baseline 0.004 -24"><span class='ocrx_word' id='word_1_204' title='bbox 152 2985 256 3046; x_wconf 86' lang='lat' dir='ltr'><strong>autom</strong></span> <span class='ocrx_word' id='word_1_205' title='bbox 280 2982 313 3046; x_wconf 92' lang='lat' dir='ltr'><strong>in</strong></span> <span class='ocrx_word' id='word_1_206' title='bbox 335 2982 552 3067; x_wconf 89' lang='lat' dir='ltr'><strong>comparativa</strong></span> <span class='ocrx_word' id='word_1_207' title='bbox 574 2983 675 3048; x_wconf 87' lang='lat' dir='ltr'><strong>forma</strong></span> <span class='ocrx_word' id='word_1_208' title='bbox 691 2988 951 3067; x_wconf 78' lang='grc' dir='ltr'><em>σωφρονέστερος</em></span> <span class='ocrx_word' id='word_1_209' title='bbox 967 2981 1139 3063; x_wconf 88' lang='lat' dir='ltr'><strong>antiquitus</strong></span> <span class='ocrx_word' id='word_1_210' title='bbox 1154 2981 1303 3066; x_wconf 85' lang='lat' dir='ltr'><strong>haesisse,</strong></span> 
     </span>
     <span class='ocr_line' id='line_1_26' title="bbox 152 3086 1305 3174; baseline 0 -23"><span class='ocrx_word' id='word_1_211' title='bbox 152 3105 242 3171; x_wconf 90' lang='lat' dir='ltr'><strong>quae,</strong></span> <span class='ocrx_word' id='word_1_212' title='bbox 266 3093 302 3153; x_wconf 93' lang='lat' dir='ltr'><strong>ut</strong></span> <span class='ocrx_word' id='word_1_213' title='bbox 323 3086 489 3152; x_wconf 85' lang='lat' dir='ltr'><strong>Fritzschii</strong></span> <span class='ocrx_word' id='word_1_214' title='bbox 511 3088 615 3165; x_wconf 87' lang='lat' dir='ltr'><strong>verbis</strong></span> <span class='ocrx_word' id='word_1_215' title='bbox 636 3092 717 3172; x_wconf 89' lang='lat' dir='ltr'><strong>utar,</strong></span> <span class='ocrx_word' id='word_1_216' title='bbox 741 3087 847 3174; x_wconf 90' lang='lat' dir='ltr'><strong>inepte</strong></span> <span class='ocrx_word' id='word_1_217' title='bbox 869 3086 1010 3171; x_wconf 85' lang='lat' dir='ltr'><strong>iungitur</strong></span> <span class='ocrx_word' id='word_1_218' title='bbox 1024 3105 1095 3151; x_wconf 91' lang='lat' dir='ltr'><strong>cum</strong></span> <span class='ocrx_word' id='word_1_219' title='bbox 1110 3087 1305 3170; x_wconf 89' lang='lat' dir='ltr'><strong>superlativa</strong></span> 
     </span>
     <span class='ocr_line' id='line_1_27' title="bbox 153 3187 1303 3278; baseline 0.002 -24"><span class='ocrx_word' id='word_1_220' title='bbox 153 3187 302 3274; x_wconf 80' lang='grc' dir='ltr'><em>ἄριστος,</em></span> <span class='ocrx_word' id='word_1_221' title='bbox 335 3191 415 3258; x_wconf 87' lang='lat' dir='ltr'><strong>inde</strong></span> <span class='ocrx_word' id='word_1_222' title='bbox 444 3193 563 3278; x_wconf 90' lang='lat' dir='ltr'><strong>elucet,</strong></span> <span class='ocrx_word' id='word_1_223' title='bbox 597 3193 684 3276; x_wconf 94' lang='lat' dir='ltr'><strong>quod</strong></span> <span class='ocrx_word' id='word_1_224' title='bbox 717 3193 751 3258; x_wconf 90' lang='lat' dir='ltr'><strong>in</strong></span> <span class='ocrx_word' id='word_1_225' title='bbox 787 3191 948 3258; x_wconf 81' lang='lat' dir='ltr'><strong>codicibus</strong></span> <span class='ocrx_word' id='word_1_226' title='bbox 981 3191 1052 3257; x_wconf 91' lang='lat' dir='ltr'><strong>aliis</strong></span> <span class='ocrx_word' id='word_1_227' title='bbox 1086 3187 1236 3276; x_wconf 89' lang='lat' dir='ltr'><strong>(Vindob.</strong></span> <span class='ocrx_word' id='word_1_228' title='bbox 1266 3193 1303 3276; x_wconf 94' lang='lat' dir='ltr'><strong>B,</strong></span> 
     </span>
     <span class='ocr_line' id='line_1_28' title="bbox 152 3295 1306 3385; baseline 0.001 -23"><span class='ocrx_word' id='word_1_229' title='bbox 152 3296 256 3363; x_wconf 79' lang='lat' dir='ltr'><strong>Guelf.</strong></span> <span class='ocrx_word' id='word_1_230' title='bbox 272 3297 311 3382; x_wconf 78' lang='lat' dir='ltr'><strong>G,</strong></span> <span class='ocrx_word' id='word_1_231' title='bbox 334 3297 468 3381; x_wconf 84' lang='lat' dir='ltr'><strong>August.</strong></span> <span class='ocrx_word' id='word_1_232' title='bbox 484 3296 525 3385; x_wconf 84' lang='grc' dir='ltr'><strong>Ο)</strong></span> <span class='ocrx_word' id='word_1_233' title='bbox 546 3299 672 3364; x_wconf 91' lang='lat' dir='ltr'><strong>omnino</strong></span> <span class='ocrx_word' id='word_1_234' title='bbox 688 3297 894 3382; x_wconf 87' lang='lat' dir='ltr'><strong>desideratur,</strong></span> <span class='ocrx_word' id='word_1_235' title='bbox 911 3317 981 3364; x_wconf 91' lang='lat' dir='ltr'><strong>cum</strong></span> <span class='ocrx_word' id='word_1_236' title='bbox 996 3296 1052 3364; x_wconf 84' lang='lat' dir='ltr'><strong>alii</strong></span> <span class='ocrx_word' id='word_1_237' title='bbox 1067 3295 1177 3384; x_wconf 81' lang='lat' dir='ltr'><strong>(Marc.</strong></span> <span class='ocrx_word' id='word_1_238' title='bbox 1193 3297 1259 3362; x_wconf 85' lang='lat'><strong>434</strong></span> <span class='ocrx_word' id='word_1_239' title='bbox 1275 3304 1306 3363; x_wconf 90' lang='lat' dir='ltr'><strong>et</strong></span> 
     </span>
     <span class='ocr_line' id='line_1_29' title="bbox 151 3398 1304 3491; baseline 0.001 -25"><span class='ocrx_word' id='word_1_240' title='bbox 151 3403 291 3470; x_wconf 84' lang='lat' dir='ltr'><strong>Florent.</strong></span> <span class='ocrx_word' id='word_1_241' title='bbox 305 3401 349 3491; x_wconf 87' lang='grc' dir='ltr'><strong>Φ)</strong></span> <span class='ocrx_word' id='word_1_242' title='bbox 364 3403 489 3469; x_wconf 84' lang='lat' dir='ltr'><strong>omissis</strong></span> <span class='ocrx_word' id='word_1_243' title='bbox 504 3398 544 3479; x_wconf 80' lang='grc' dir='ltr'><em>ὥς</em></span> <span class='ocrx_word' id='word_1_244' title='bbox 555 3405 610 3488; x_wconf 75' lang='grc' dir='ltr'><em>τῆς</em></span> <span class='ocrx_word' id='word_1_245' title='bbox 622 3399 807 3488; x_wconf 76' lang='grc' dir='ltr'><em>ἀφροσύνης</em></span> <span class='ocrx_word' id='word_1_246' title='bbox 822 3401 1008 3470; x_wconf 84' lang='lat' dir='ltr'><strong>exhibeant:</strong></span> <span class='ocrx_word' id='word_1_247' title='bbox 1023 3406 1092 3486; x_wconf 78' lang='grc' dir='ltr'><em>βίος</em></span> <span class='ocrx_word' id='word_1_248' title='bbox 1107 3403 1163 3467; x_wconf 73' lang='grc' dir='ltr'><strong>καὶ</strong></span> <span class='ocrx_word' id='word_1_249' title='bbox 1180 3421 1304 3489; x_wconf 90' lang='grc' dir='ltr'><em>σωφρο-</em></span> 
     </span>
     <span class='ocr_line' id='line_1_30' title="bbox 152 3506 1305 3593; baseline 0.003 -23"><span class='ocrx_word' id='word_1_250' title='bbox 152 3513 300 3592; x_wconf 77' lang='grc' dir='ltr'><em>νέστερος</em></span> <span class='ocrx_word' id='word_1_251' title='bbox 329 3506 541 3592; x_wconf 78' lang='grc' dir='ltr'><em>παυσάμενος</em></span> <span class='ocrx_word' id='word_1_252' title='bbox 570 3528 639 3593; x_wconf 92' lang='lat' dir='ltr'><strong>sqq.</strong></span> <span class='ocrx_word' id='word_1_253' title='bbox 696 3507 748 3574; x_wconf 86' lang='lat' dir='ltr'><strong>Ad</strong></span> <span class='ocrx_word' id='word_1_254' title='bbox 777 3507 941 3575; x_wconf 81' lang='lat' dir='ltr'><strong>Fritzsohii</strong></span> <span class='ocrx_word' id='word_1_255' title='bbox 975 3509 1186 3574; x_wconf 90' lang='lat' dir='ltr'><strong>coniecturam</strong></span> <span class='ocrx_word' id='word_1_256' title='bbox 1219 3508 1305 3591; x_wconf 95' lang='lat' dir='ltr'><strong>quod</strong></span> 
     </span>
     <span class='ocr_line' id='line_1_31' title="bbox 152 3611 1303 3702; baseline 0 -24"><span class='ocrx_word' id='word_1_257' title='bbox 152 3611 297 3698; x_wconf 82' lang='lat' dir='ltr'><strong>pertinet,</strong></span> <span class='ocrx_word' id='word_1_258' title='bbox 319 3614 374 3696; x_wconf 89' lang='lat' dir='ltr'><strong>qui</strong></span> <span class='ocrx_word' id='word_1_259' title='bbox 397 3616 541 3697; x_wconf 87' lang='lat' dir='ltr'><strong>graviore</strong></span> <span class='ocrx_word' id='word_1_260' title='bbox 563 3614 815 3702; x_wconf 85' lang='lat' dir='ltr'><strong>interpunctione</strong></span> <span class='ocrx_word' id='word_1_261' title='bbox 836 3619 908 3701; x_wconf 92' lang='lat' dir='ltr'><strong>post</strong></span> <span class='ocrx_word' id='word_1_262' title='bbox 929 3618 997 3698; x_wconf 79' lang='grc' dir='ltr'><em>βίος</em></span> <span class='ocrx_word' id='word_1_263' title='bbox 1019 3612 1137 3680; x_wconf 83' lang='lat' dir='ltr'><strong>inserta</strong></span> <span class='ocrx_word' id='word_1_264' title='bbox 1160 3613 1303 3697; x_wconf 82' lang='lat' dir='ltr'><strong>corrigit:</strong></span> 
     </span>
     <span class='ocr_line' id='line_1_32' title="bbox 153 3717 1305 3806; baseline 0.003 -25"><span class='ocrx_word' id='word_1_265' title='bbox 153 3720 209 3782; x_wconf 79' lang='grc' dir='ltr'><strong>καὶ</strong></span> <span class='ocrx_word' id='word_1_266' title='bbox 225 3725 487 3805; x_wconf 77' lang='grc' dir='ltr'><em>σωφρονέστερος</em></span> <span class='ocrx_word' id='word_1_267' title='bbox 502 3718 559 3805; x_wconf 76' lang='grc' dir='ltr'><strong>ἔτη</strong></span> <span class='ocrx_word' id='word_1_268' title='bbox 575 3719 606 3782; x_wconf 80' lang='grc' dir='ltr'><em>εἰ</em></span> <span class='ocrx_word' id='word_1_269' title='bbox 626 3740 707 3806; x_wconf 81' lang='lat' dir='ltr'><strong>sqq,</strong></span> <span class='ocrx_word' id='word_1_270' title='bbox 734 3719 909 3786; x_wconf 88' lang='lat' dir='ltr'><strong>sententiae</strong></span> <span class='ocrx_word' id='word_1_271' title='bbox 931 3740 995 3785; x_wconf 93' lang='lat' dir='ltr'><strong>non</strong></span> <span class='ocrx_word' id='word_1_272' title='bbox 1016 3719 1098 3785; x_wconf 87' lang='lat' dir='ltr'><strong>bene</strong></span> <span class='ocrx_word' id='word_1_273' title='bbox 1120 3717 1305 3786; x_wconf 88' lang='lat' dir='ltr'><strong>coniunctae</strong></span> 
     </span>
     <span class='ocr_line' id='line_1_33' title="bbox 151 3821 1304 3912; baseline 0 -22"><span class='ocrx_word' id='word_1_274' title='bbox 151 3824 316 3910; x_wconf 72' lang='lat' dir='ltr'><strong>videntur,</strong></span> <span class='ocrx_word' id='word_1_275' title='bbox 340 3845 414 3892; x_wconf 90' lang='lat' dir='ltr'><strong>nam</strong></span> <span class='ocrx_word' id='word_1_276' title='bbox 437 3843 494 3910; x_wconf 92' lang='lat' dir='ltr'><strong>pro</strong></span> <span class='ocrx_word' id='word_1_277' title='bbox 518 3828 576 3888; x_wconf 87' lang='grc' dir='ltr'><strong>καί</strong></span> <span class='ocrx_word' id='word_1_278' title='bbox 596 3830 759 3912; x_wconf 86' lang='lat' dir='ltr'><strong>exspectes</strong></span> <span class='ocrx_word' id='word_1_279' title='bbox 782 3821 852 3908; x_wconf 75' lang='grc' dir='ltr'><strong>γάρ.</strong></span> <span class='ocrx_word' id='word_1_280' title='bbox 891 3824 1057 3891; x_wconf 87' lang='lat' dir='ltr'><strong>Bekkerus</strong></span> <span class='ocrx_word' id='word_1_281' title='bbox 1079 3830 1186 3892; x_wconf 88' lang='lat' dir='ltr'><strong>autem</strong></span> <span class='ocrx_word' id='word_1_282' title='bbox 1206 3823 1304 3892; x_wconf 80' lang='lat' dir='ltr'><strong>Cobe-</strong></span> 
     </span>
     <span class='ocr_line' id='line_1_34' title="bbox 152 3929 1305 4019; baseline -0.001 -23"><span class='ocrx_word' id='word_1_283' title='bbox 152 3936 265 4014; x_wconf 90' lang='lat' dir='ltr'><strong>tusque</strong></span> <span class='ocrx_word' id='word_1_284' title='bbox 296 3930 383 4019; x_wconf 83' lang='lat' dir='ltr'><strong>(Var.</strong></span> <span class='ocrx_word' id='word_1_285' title='bbox 414 3930 501 3996; x_wconf 87' lang='lat' dir='ltr'><strong>Leet.</strong></span> <span class='ocrx_word' id='word_1_286' title='bbox 532 3950 606 4016; x_wconf 84' lang='lat' dir='ltr'><strong>pag.</strong></span> <span class='ocrx_word' id='word_1_287' title='bbox 633 3931 707 4019; x_wconf 82' lang='lat'>144)</span> <span class='ocrx_word' id='word_1_288' title='bbox 741 3930 872 3996; x_wconf 92' lang='lat' dir='ltr'><strong>nimiam</strong></span> <span class='ocrx_word' id='word_1_289' title='bbox 901 3930 965 3996; x_wconf 92' lang='lat' dir='ltr'><strong>vim</strong></span> <span class='ocrx_word' id='word_1_290' title='bbox 993 3929 1132 3997; x_wconf 87' lang='lat' dir='ltr'><strong>inferunt</strong></span> <span class='ocrx_word' id='word_1_291' title='bbox 1169 3929 1305 3998; x_wconf 88' lang='lat' dir='ltr'><strong>traditae</strong></span> 
     </span>
     <span class='ocr_line' id='line_1_35' title="bbox 153 4034 1304 4123; baseline -0.002 -21"><span class='ocrx_word' id='word_1_292' title='bbox 153 4036 335 4122; x_wconf 86' lang='lat' dir='ltr'><strong>scripturae,</strong></span> <span class='ocrx_word' id='word_1_293' title='bbox 370 4053 441 4100; x_wconf 90' lang='lat' dir='ltr'><strong>cum</strong></span> <span class='ocrx_word' id='word_1_294' title='bbox 471 4037 630 4122; x_wconf 91' lang='lat' dir='ltr'><strong>oppressis</strong></span> <span class='ocrx_word' id='word_1_295' title='bbox 653 4035 756 4103; x_wconf 90' lang='lat' dir='ltr'><strong>verbis</strong></span> <span class='ocrx_word' id='word_1_296' title='bbox 786 4034 842 4097; x_wconf 84' lang='grc' dir='ltr'><strong>καὶ</strong></span> <span class='ocrx_word' id='word_1_297' title='bbox 865 4040 1127 4122; x_wconf 77' lang='grc' dir='ltr'><em>σωφρονέστερος</em></span> <span class='ocrx_word' id='word_1_298' title='bbox 1152 4041 1304 4123; x_wconf 84' lang='lat' dir='ltr'><strong>pergant:</strong></span> 
     </span>
     <span class='ocr_line' id='line_1_36' title="bbox 153 4133 483 4226; baseline 0.006 -22"><span class='ocrx_word' id='word_1_299' title='bbox 153 4133 301 4204; x_wconf 77' lang='grc' dir='ltr'><em>ὥστε-</em></span> <span class='ocrx_word' id='word_1_300' title='bbox 325 4137 483 4226; x_wconf 72' lang='grc' dir='ltr'><em>θήρασαι.</em></span> 
     </span>
    </p>

    <p class='ocr_par' dir='ltr' id='par_1_8' title="bbox 240 4244 1305 4332">
     <span class='ocr_line' id='line_1_37' title="bbox 240 4244 1305 4332; baseline 0.001 -20"><span class='ocrx_word' id='word_1_301' title='bbox 240 4245 351 4315; x_wconf 83' lang='lat' dir='ltr'><strong>Beer.</strong></span> <span class='ocrx_word' id='word_1_302' title='bbox 381 4244 570 4314; x_wconf 61' lang='grc' dir='ltr'><strong>(501ιεί12.</strong></span> <span class='ocrx_word' id='word_1_303' title='bbox 615 4247 740 4314; x_wconf 89' lang='lat' dir='ltr'><strong>Momus</strong></span> <span class='ocrx_word' id='word_1_304' title='bbox 762 4244 918 4322; x_wconf 87' lang='lat' dir='ltr'><strong>minorum</strong></span> <span class='ocrx_word' id='word_1_305' title='bbox 947 4245 1088 4332; x_wconf 83' lang='lat' dir='ltr'><strong>gentium</strong></span> <span class='ocrx_word' id='word_1_306' title='bbox 1117 4244 1194 4314; x_wconf 88' lang='lat' dir='ltr'><strong>deos</strong></span> <span class='ocrx_word' id='word_1_307' title='bbox 1223 4265 1305 4314; x_wconf 88' lang='lat' dir='ltr'><strong>oom-</strong></span> 
     </span>
    </p>

    <p class='ocr_par' dir='ltr' id='par_1_9' title="bbox 1093 4368 1111 4423">
     <span class='ocr_line' id='line_1_38' title="bbox 1093 4368 1111 4423; baseline 0 0"><span class='ocrx_word' id='word_1_308' title='bbox 1093 4368 1111 4423; x_wconf 82' lang='lat'>4</span> 
     </span>
    </p>
   </div>
   <div class='ocr_carea' id='block_1_7' title="bbox 0 0 1478 4574">
    <p class='ocr_par' dir='ltr' id='par_1_10' title="bbox 0 0 1478 4574">
     <span class='ocr_line' id='line_1_39' title="bbox 0 0 1478 4574; baseline 0 0"><span class='ocrx_word' id='word_1_309' title='bbox 0 0 1478 4574; x_wconf 95' lang='lat' dir='ltr'><strong> </strong></span> 
     </span>
    </p>
   </div>
  </div>
 </body>
</html>
