2944 4574
739 240 763 303 3,

173 450 305 529 utreque
318 446 388 512 loco
403 447 508 534 perois
530 467 643 512 nomen
666 448 744 514 sutis
765 447 929 515 definitum
948 468 989 514 ex
1004 449 1151 516 universa
1165 452 1322 517 sententia

171 550 373 634 intellegitur.
411 552 559 616 Fortasse
574 572 647 618 vero
666 551 843 620 neroum.
863 554 896 619 2.
921 573 1046 637 quoque
1061 555 1094 619 in
1110 556 1213 620 verbis
1230 546 1322 631 οὗτος

173 657 292 730 ἐκεῖνος
311 653 538 735 Ἡρόδοτός
560 658 659 732 ἐστιν,
683 663 715 722 et
737 658 871 723 Toxar.
898 657 963 722 38:
985 657 1130 733 ποικίλος
1152 657 1212 741 γὰρ
1229 650 1321 735 οὗτος

173 755 285 834 desig
308 756 325 821 ὁ
347 745 555 836 θάνατος,
579 767 610 826 et
627 760 827 827 Anachars.
851 764 893 828 6:
917 758 1155 844 ύμῖν-τοῖς
1175 758 1320 848 ζἘλλη-

173 882 241 926 σιν
263 853 392 930 nimiam
416 885 570 949 agnosces
592 867 776 932 correctoris
798 887 915 933 curam.

259 967 341 1034 Sunt
362 968 478 1035 deinde
500 970 561 1036 loci
584 989 690 1036 errore
710 971 881 1037 scribarum
905 971 1021 1036 turbati
1037 991 1075 1038 ac
1090 971 1253 1058 depravati
1270 974 1322 1039 vel

94 1073 102 1088 ”
172 1093 254 1155 quae
282 1074 453 1140 scriberent
480 1075 693 1158 ignorantium
719 1075 855 1158 ideoque
877 1076 976 1142 oeulis
997 1095 1151 1163 persaepe
1173 1079 1318 1143 aberran-

171 1178 254 1242 tibus
283 1199 378 1243 uuam
409 1197 518 1244 vocem
546 1180 692 1264 pluresve
721 1186 837 1247 temere
866 1181 1046 1247 iterantium
1076 1182 1126 1247 vel
1154 1181 1319 1246 sciolorum

171 1282 400 1365 scribendoque
427 1302 574 1368 perverse
596 1285 826 1368 corrigentium.
872 1283 969 1350 Cuius
999 1286 1123 1368 generis
1145 1286 1223 1352 vitia
1250 1305 1320 1370 per-

173 1387 270 1452 multa
292 1388 356 1454 iam
378 1388 437 1452 viri
460 1387 544 1453 denti
567 1396 774 1454 removerunt.
794 1389 855 1454 'Ut
876 1390 926 1454 De
948 1394 1046 1454 morte
1064 1391 1191 1472 Peregr.
1215 1408 1321 1453 ——ex

171 1512 233 1556 amc
257 1490 385 1575 dialogo
416 1492 492 1558 satis
519 1493 577 1558 erit
599 1494 742 1559 attulisse
764 1495 913 1579 exempla
935 1531 978 1540 -
1002 1495 1051 1560 15.
1076 1513 1186 1560 vocem
1208 1488 1319 1569 ελθὺς,

171 1596 223 1660 20.
246 1591 339 1678 ὑπὲρ,
363 1597 415 1661 22.
439 1591 531 1679 οἶμαι
553 1597 724 1663 rectissime
746 1596 831 1663 delet
846 1603 1078 1681 commutatque
1093 1599 1146 1665 35.
1168 1595 1272 1682 βάθει
1286 1598 1320 1662 in

170 1697 284 1783 βόθρῳ
314 1701 521 1785 Fritzschius3
555 1702 597 1767 ib.
630 1705 658 1766 1.
690 1702 974 1768 Sommerbrodtius
1003 1702 1093 1788 (Luc.
1124 1723 1198 1788 pag.
1232 1702 1319 1787 120.)

171 1822 280 1868 vocem
302 1805 408 1868 ταῦτα
431 1811 462 1870 et
487 1806 535 1870 12.
560 1803 651 1891 (Luc.
666 1825 721 1888 pg.
745 1804 830 1890 125.)
852 1825 962 1870 vocem
985 1803 1077 1869 ἔνδον
1099 1826 1139 1870 ex
1158 1806 1318 1889 Dittogra-

170 1908 247 1992 phia
269 1915 361 1975 natas
384 1927 453 1974 esse
467 1909 554 1974 verbi
576 1908 793 1994 praecedentis
807 1910 925 1994 optime
939 1910 1113 1995 perspexit,
1136 1911 1319 1995 priusquam

171 2018 335 2096 utramque
353 2032 462 2079 vocem
483 2013 517 2078 iu
533 2014 694 2079 Marciano
718 2013 787 2080 cod.
803 2015 878 2080 434.
902 2016 1051 2081 omissam
1071 2034 1140 2082 esse
1159 2021 1318 2082 statueret.

171 2114 292 2192 Quibus
313 2117 391 2183 locis
413 2116 454 2183 de
475 2137 545 2184 meo
568 2118 746 2184 addiderim
768 2119 843 2185 hos:

258 2220 380 2301 eynrc.
403 2221 456 2288 lt.
502 2223 637 2288 Molesta
668 2229 715 2287 est
745 2221 889 2307 repetitio
920 2222 1008 2288 verbi
1030 2216 1165 2307 ἤρεσκεν
1194 2223 1227 2288 iu
1256 2222 1319 2288 fine

170 2327 343 2392 sententiae
358 2333 390 2392 et
404 2325 571 2412 superflua.
611 2325 815 2392 Charidem.
835 2325 888 2391 13.
911 2327 1015 2410 legas:
1040 2322 1076 2390 od
1093 2324 1152 2411 γὰρ
1169 2325 1319 2410 ἐβούλετο

171 2431 288 2514 (deleto
318 2431 413 2496 verbo
443 2429 559 2517 λέγειν)
590 2428 628 2494 ab
653 2429 738 2513 μετὰ
771 2429 912 2507 Φίλωνος
942 2427 1177 2514 εὐλαβούμενος
1206 2430 1317 2513 λέγειν.

171 2535 227 2600 lb.
245 2535 297 2600 15.
321 2535 520 2602 scribendum
534 2535 675 2602 videtur:
699 2535 729 2599 εἰ
741 2541 803 2618 μὲν
818 2525 875 2600 οὗν
896 2541 994 2620 περί
1012 2557 1098 2610 τινος
1113 2537 1223 2619 ἑτέρου
1245 2531 1319 2610 τοὺς

169 2637 280 2722 λόγους
303 2638 508 2722 ἐποιούμεθα
531 2642 597 2717 νῦν,
628 2637 712 2704 ἀλλὰ
741 2639 786 2725 μὴ
815 2642 912 2725 περλ
942 2637 1088 2716 κάλλους,
1119 2634 1254 2724 ἤρκεσεν
1277 2634 1319 2703 ἂν

170 2739 247 2828 ἡμῖν
270 2739 453 2809 ἀκούσασιν
474 2741 543 2818 ἑνὸς
566 2741 713 2819 εἰπόντος
730 2740 944 2828 ἀπηλλάχθαι
960 2738 1060 2809 αὐτοῦ
1083 2744 1208 2810 sublata
1230 2764 1318 2828 prue-

171 2849 326 2933 positicne
347 2850 422 2932 περλ
438 2855 512 2914 ante
527 2843 637 2924 αὐτοῦ,
661 2869 732 2915 cum
747 2849 817 2915 usui
831 2849 1022 2934 respondeat
1043 2845 1322 2913 ἄπαλλάπεσθαί

170 2977 265 3029 τινος.
312 2951 497 3022 Saturnal.
524 2952 576 3020 18.
608 2975 678 3020 eum
701 2955 877 3039 complures
900 2955 1036 3022 convivii
1065 2955 1152 3038 leges
1173 2952 1318 3038 praemit-

170 3063 276 3124 tantur
306 3060 519 3143 permittentes
541 3058 664 3142 aliquid
692 3059 793 3142 iisque
816 3059 1040 3125 condicionalis
1067 3058 1221 3124 adiciatur
1249 3076 1318 3122 sen-

170 3165 269 3229 tentia
292 3158 330 3247 ἦν
345 3187 392 3238 τις
408 3161 509 3249 ἐθέλῃ
524 3165 574 3228 vel
596 3163 723 3248 similis,
746 3163 850 3228 scriba
872 3164 955 3229 male
969 3164 1128 3245 corrigens
1150 3161 1179 3226 ei
1194 3179 1319 3244 quoque

170 3269 242 3352 legi,
266 3288 348 3351 quae
368 3267 519 3353 defendit,
542 3288 582 3333 ne
597 3268 728 3334 saltator
750 3286 830 3334 neve
853 3266 1035 3334 citharoeda
1056 3266 1257 3352 imperfectus
1276 3263 1319 3329 ad

171 3373 347 3438 convivium
371 3379 511 3457 vocetur,
535 3373 669 3439 eandem
692 3372 878 3439 sententiam
901 3371 1055 3438 adiunxit.
1120 3355 1126 3366 ’

167 3527 169 3530 .
257 3477 357 3542 Venio
386 3498 470 3544 nunc
499 3477 541 3544 ad
568 3478 654 3544 locos
676 3478 856 3558 nonnullos,
893 3476 1007 3558 quibus
1040 3473 1166 3538 demere
1198 3472 1320 3554 aliquid

170 3582 324 3647 bonorum
353 3582 504 3646 librorum
534 3583 719 3647 atteteritate
747 3580 900 3646 iubemur.
947 3576 970 3642 J
973 3595 1028 3652 ov.
1053 3577 1150 3658 trag.
1182 3576 1318 3664 (quain

171 3694 280 3752 satura
298 3685 396 3770 plena
411 3705 473 3749 esce
488 3686 594 3749 omniu
606 3684 799 3767 ylossematis
813 3681 1005 3748 Fritzschius
1020 3683 1204 3748 affirmatio
1219 3679 1318 3764 praef.

170 3790 220 3856 ed.
244 3793 320 3856 Luc.
344 3791 421 3857 112.
445 3809 518 3875 pag.
536 3787 626 3875 thl)
650 3789 702 3853 23.
726 3787 850 3873 Jupiter
873 3787 1117 3853 Demosthenem
1138 3783 1250 3850 laudat
1272 3783 1318 3847 di-

172 3900 309 3960 centem:
351 3891 388 3958 νὸ
418 3931 461 3941 -
494 3895 683 3978 ἐπιτιμῆσαι
717 3889 830 3980 ῥᾴδιον
864 3893 919 3954 καλ
953 3894 1026 3956 τοῦ
1058 3888 1319 3975 βουλομένου

170 3996 301 4073 παντός.
340 3997 410 4075 Quo
433 3999 502 4066 loce
522 3999 619 4065 verba
640 3997 698 4060 τοῦ
712 3995 910 4079 βουλομένου
932 3995 1006 4061 ferri
1027 4014 1120 4081 posse
1142 4015 1204 4059 non
1220 4012 1318 4076 negem

171 4101 285 4186 quodsi
307 4104 448 4169 omiseris
470 4123 523 4188 ea,
547 4102 674 4169 minime
696 4101 901 4168 desiderabis.
938 4097 1034 4185 Apud
1055 4099 1230 4166 Lucienum
1245 4117 1319 4164 vero

172 4210 283 4277 eadem
313 4209 440 4276 notione
469 4214 524 4275 aut
554 4215 719 4291 utrumque
748 4208 850 4273 solum
879 4204 1056 4272 invenimus
1085 4204 1261 4270 adhibitum
1289 4206 1320 4265 et
