2944 4574
714 206 754 272 19

158 411 199 480 dv
220 412 258 480 τὸ
278 417 314 480 ἐν
328 412 431 499 λόγοις
445 413 547 479 καλὸν
562 411 696 491 aduorso
719 411 897 479 ια’λλιον
918 413 1080 498 μᾶλλον
1102 409 1181 499 ἢυῷ
1197 413 1307 480 πάντα

156 509 262 584 τᾶλλα
275 527 439 606 παρέντας
453 523 527 607 περὶ
543 515 644 586 αὐτοῦ
658 518 762 603 λέγειν
776 521 834 584 τοῦ
846 520 956 598 τέλους
970 517 1055 606 ἡμᾶς
1070 523 1135 586 τῶν
1150 519 1306 584 ἑκάστοτε

157 630 396 708 πραττομένων.
458 625 529 690 Vox
558 623 684 708 μᾶλλον
716 643 816 710 prope
845 622 979 688 κάλλιον
1008 625 1113 711 posita
1143 624 1219 708 quid
1247 625 1307 690 sibi

156 729 243 814 velit,
273 728 355 794 alius
385 728 531 813 explicet.
575 728 681 806 Quam
707 728 768 794 uisi
791 748 847 814 pro
870 749 955 794 mero
978 729 1169 813 glossemate
1191 729 1308 795 habere

156 832 314 916 malueris,
337 833 444 917 paullo
466 833 597 900 inferius
612 839 684 919 post
699 829 801 898 αὐτοῦ
817 834 975 900 oollooaus
988 833 1163 900 sententiae
1174 832 1305 900 favebis.

245 937 340 1002 nial.
366 937 464 1005 deor.
489 938 594 1009 XXV
611 938 639 1003 l.
685 939 769 1004 Iovis
791 937 897 1003 Solem
919 936 1191 1025 reprehendentis,
1222 936 1308 1020 quod

156 1041 347 1108 Phaethonti
370 1062 494 1109 ourrum
516 1043 592 1108 solis
607 1040 781 1126 tradiderit,
805 1043 905 1109 oratio
920 1043 1001 1109 haee
1014 1042 1047 1106 in
1062 1041 1160 1108 verba
1175 1040 1305 1107 desinit:

156 1146 212 1210 καλ
228 1145 258 1209 εἰ
270 1143 314 1229 μὴ
329 1143 388 1228 ἐγὼ
404 1147 504 1221 ξυνεὶς
518 1143 556 1210 τὸ
571 1143 758 1229 γιγνόμενον
773 1144 956 1230 κατέβαλον
971 1142 1071 1210 αὐτὸν
1091 1147 1135 1229 τῷ
1151 1147 1306 1230 κεραυνῷ,

156 1244 231 1314 οὐδὲ
259 1246 420 1336 λείψανον
449 1244 637 1335 ἀνθρώπων
664 1249 717 1324 ἔτι,
742 1249 802 1337 (sic
830 1269 902 1317 oum
928 1251 1102 1316 Fritzsuhio
1133 1249 1305 1318 secundum

156 1355 225 1420 cod.
248 1354 321 1420 vat.
353 1355 392 1419 87
424 1353 509 1441 lego)
539 1353 666 1437 ἔμεινεν
694 1349 746 1418 ἄν.
785 1355 933 1420 τοιοῦτον
965 1353 1042 1440 ἡμῖν
1075 1351 1202 1440 ἡνίοχον
1235 1351 1307 1418 τὸν

156 1455 286 1522 καλὸν
308 1459 473 1522 ἐκεῖνον
495 1460 550 1522 καὶ
574 1455 775 1543 διφρηλάτην
797 1460 1021 1543 ἐκπέπομφας.
1060 1461 1110 1525 Ita
1132 1458 1201 1525 uod.
1219 1459 1327 1524 Goth·

132 1626 136 1634 ,
156 1567 328 1628 extremam
350 1563 525 1629 sententiae
546 1569 669 1649 partem
690 1562 803 1648 tradit,
836 1564 870 1628 in
894 1565 990 1630 Maro.
1013 1564 1078 1630 436
1101 1568 1208 1630 autem
1229 1563 1306 1646 legi·

157 1684 243 1730 mus:
276 1663 332 1729 τὸν
366 1663 467 1730 καλὸν
495 1662 623 1751 ἡνίοχον
652 1668 776 1738 ἐκεῖνον
810 1673 906 1750 atque
935 1668 968 1734 iu
998 1667 1090 1735 codd.
1120 1667 1222 1733 Vatia.
1253 1667 1305 1752 87,

155 1769 255 1835 Paris.
278 1774 314 1846 Δ,
344 1772 440 1837 Maro.
462 1772 529 1838 434
550 1773 745 1856 vulgataque
774 1771 931 1838 editione:
962 1769 1020 1836 τὸν
1048 1769 1150 1835 καλὸν
1178 1766 1306 1856 ἡνίοχον

156 1871 284 1959 (omisso
315 1873 462 1962 ἐκεῖνον).
514 1877 671 1944 Nutantes
706 1876 803 1959 igitur
832 1876 976 1943 videmus
1012 1877 1109 1942 libros
1140 1876 1173 1942 in
1202 1876 1307 1941 verbis

155 1975 212 2041 τὸν
243 1976 344 2042 καλὸν
377 1980 515 2056 ἐκεῖνον,
558 1999 620 2064 quo
653 1981 722 2046 loeo
760 1980 910 2066 ponenda
942 1981 1019 2065 sint,
1049 1981 1149 2064 quia,
1184 1980 1305 2065 opinor,

154 2100 211 2148 suo
242 2083 369 2169 proprio
400 2082 441 2148 de
469 2084 539 2151 looo
562 2090 731 2150 cesserunt
776 2084 923 2167 Namque
952 2085 1007 2151 ubi
1036 2104 1120 2153 nuno
1147 2085 1305 2168 leguntur,

155 2192 186 2250 et
215 2185 404 2271 explicando
434 2187 610 2254 detrectant
638 2189 814 2255 sententiae
842 2189 986 2274 ironiam,
1016 2207 1099 2272 quae
1129 2189 1199 2255 sola
1228 2208 1305 2256 vooe

155 2291 303 2354 τοιοῦτον
331 2291 458 2375 egregie
487 2292 663 2357 continetur
690 2297 722 2358 et
751 2293 930 2360 orationem.
951 2293 1139 2378 languidam
1159 2292 1305 2360 reddunt.

156 2392 245 2470 Quae
256 2394 387 2461 offensio
398 2413 439 2460 ne
450 2395 561 2462 ordine
572 2395 699 2479 quidem
710 2397 1060 2464 verborumaBekkero
1071 2397 1307 2481 Fritnsohioque

154 2499 315 2584 proposito
337 2499 470 2565 tollitur:
494 2499 642 2564 τοιοῦτον
663 2495 741 2585 ἡμῖν
763 2497 820 2565 τὸν
842 2497 944 2564 καλὸν
962 2501 1086 2566 ἐκεῖνον
1099 2497 1228 2585 ἡνίοχον
1250 2503 1306 2565 καλ

155 2621 223 2685 sqq.
269 2601 375 2678 Quare
391 2623 430 2668 ea
444 2604 566 2670 ratione
579 2603 683 2670 looum
698 2623 818 2689 sanem,
834 2609 868 2672 ut
881 2604 981 2671 verba
995 2601 1053 2669 rhu
1067 2602 1168 2668 καλὸν
1183 2607 1306 2670 ἐκεῖνον

77 2755 80 2762 .
154 2705 216 2772 hue
238 2705 371 2792 delapsa
393 2725 462 2772 esse
484 2709 617 2774 arbitrer
639 2728 679 2774 ex
701 2709 864 2794 superiore
878 2727 981 2776 versu.
1018 2709 1081 2775 Ubi
1103 2715 1175 2796 post
1197 2729 1306 2776 vorem

157 2809 338 2894 κατέβαλον
360 2831 380 2876 a
402 2800 544 2878 Luoiano
572 2813 691 2898 scripta
719 2811 800 2882 haeo
822 2813 919 2880 verba
948 2833 1018 2880 oum
1042 2832 1146 2880 errore
1168 2813 1305 2898 quodam

155 2914 292 2980 deducta
315 2921 429 3000 essent,
452 2918 494 2982 ab
516 2917 623 2984 aliena
644 2937 742 2984 manu
765 2912 867 2982 αὐτόν
887 2917 1089 2984 substitutum
1112 2924 1193 2984 sst1

243 3019 360 3100 lmug.
378 3019 431 3088 15.
456 3018 564 3107 (extr.)
594 3022 726 3088 mutatio
749 3041 770 3088 a
791 3019 955 3106 Madvigio
978 3020 1074 3108 (Adv.
1097 3023 1166 3090 orit.
1191 3024 1207 3087 I
1229 3043 1303 3108 pag.

154 3123 232 3210 693)
254 3126 393 3210 prolata,
428 3127 572 3210 quamvis
601 3125 643 3191 sit
663 3126 827 3211 ingeniose
856 3132 888 3191 et
915 3127 1072 3210 sagaciter
1101 3127 1239 3212 inventa,
1262 3163 1327 3194 -.

154 3229 263 3294 scribit
281 3229 365 3294 enim
383 3228 543 3314 γραφικὸν
554 3229 713 3295 συνειλεϊν
724 3230 770 3306 εἷς
781 3231 817 3295 έν
834 3250 892 3315 pro
910 3231 1073 3315 γραφικῶς
1085 3228 1306 3296 συνυελισθέν

154 3370 197 3380 -
233 3333 367 3402 fortasse
399 3353 462 3400 non
493 3335 671 3402 neeessaria
700 3341 763 3419 est,
805 3333 901 3400 modo
926 3334 1008 3402 inter
1032 3354 1068 3400 se
1092 3341 1306 3419 permutemus

128 3479 131 3486 .
153 3438 251 3503 verba
258 3439 421 3521 γραφικῶς
429 3437 650 3503 eversurae
660 3444 693 3506 et
698 3439 796 3506 verba
808 3432 889 3502 αὐτὸ
897 3433 987 3523 αυτῷ
1000 3434 1304 3523 ἀνθαμιλλώμενον.

152 3540 247 3633 Unde
276 3541 356 3608 haee
386 3543 493 3609 evadit
522 3545 695 3611 sententia:
737 3544 807 3610 Ηοο
836 3544 920 3610 enim
949 3543 1080 3610 iuferius
1105 3549 1153 3610 est
1182 3544 1307 3626 sibique

154 3651 311 3731 repugnat
332 3645 403 3730 ipsi,
427 3651 474 3712 tot
488 3653 669 3714 venustates
692 3654 724 3713 et
736 3645 943 3714 multifariam
957 3647 1128 3732 imaginem
1144 3668 1184 3714 ex
1198 3648 1305 3714 multis

154 3749 279 3816 effioere
300 3750 469 3817 artificiose
491 3753 708 3837 compositam.
752 3751 894 3834 Zeugma
922 3757 1029 3819 autem
1056 3759 1109 3828 ‚tot
1134 3759 1305 3816 υιιιιιοιαιοε

154 3862 182 3916 ιι
203 3852 417 3938 multifariam
432 3857 599 3940 imaginem
614 3855 739 3940 efficere
761 3854 848 3921 haud
862 3855 908 3921 ita
921 3854 1056 3922 arduum
1071 3862 1120 3922 est
1133 3855 1304 3924 intelleatu.

241 3957 389 4024 Purasit
410 3957 462 4027 bl.
507 3959 575 4027 Neo
596 3958 788 4045 philosophi,
818 3958 922 4042 inquit
949 3960 1118 4045 parasitus,
1148 3980 1208 4026 neo
1236 3959 1304 4026 rhe-

154 4066 238 4128 tores
259 4062 293 4126 in
316 4065 485 4146 gymnasio
508 4061 598 4148 digni
620 4071 702 4148 suut,
733 4062 788 4148 qui
810 4081 881 4129 oum
904 4065 1052 4148 parasitis
1075 4069 1304 4150 oomparentur.

154 4166 201 4231 Ao
226 4165 366 4252 proferto
395 4169 429 4233 in
459 4168 583 4234 deserto
612 4169 682 4236 looo
711 4185 804 4233 nemo
833 4166 957 4233 illorum
987 4168 1138 4253 impetum
1168 4169 1306 4254 excipiat
