2944 4574
711 245 731 307 4

145 449 278 516 Lueiani
299 450 387 516 libris
409 450 514 517 adhuc
535 471 723 517 remansere.
766 451 882 529 Qualia
905 472 987 534 quae
1009 471 1069 536 ego
1092 453 1218 535 quidem
1242 454 1296 520 de-

144 553 349 640 prehendisse
370 555 446 620 mihi
469 555 592 641 videor,
615 577 698 622 nunc
721 563 954 642 expromuntur.

146 748 319 803 lllarcianum
341 745 421 802 initio
440 745 510 800 dicit
527 746 656 815 opusculi
675 746 726 815 sui,
745 746 971 800 Teubnerianam
995 748 1061 801 anni
1086 748 1162 803 issa.
1199 748 1242 803 Ac
1260 766 1296 804 nc

145 834 271 890 eiusdem
289 832 426 889 Jacobitii
446 833 559 901 quidem
579 833 730 888 editionem
755 849 816 887 cum
842 833 941 888 critico
966 838 1108 903 apparatu
1121 835 1296 890 instructam

145 921 276 990 adscivit,
295 937 369 990 quae
388 920 569 990 quantumvis
592 919 680 989 absit,
699 924 730 974 ut
748 934 844 974 omncs
863 921 985 974 omnium
1009 921 1137 976 codicum
1159 922 1297 979 lectiones

144 1007 290 1078 praebeat,
316 1007 455 1062 tamenin
475 1006 570 1060 multis
594 1006 711 1061 Luciani
739 1007 817 1062 libris
845 1023 902 1061 nou
930 1012 974 1062 est
1000 1007 1189 1076 despicienda.
1235 1010 1298 1075 Qua

144 1095 276 1165 neglecta
317 1093 434 1161 accidit,
480 1097 512 1148 ut
550 1091 657 1148 Toxar.
688 1094 730 1148 hl.
764 1123 797 1134 —
838 1109 920 1163 quem
955 1093 1099 1164 dialogum
1133 1097 1296 1165 ceteroquin

148 1182 340 1251 compluribus
358 1181 509 1236 exornavit
534 1181 703 1235 coniecturis
723 1181 951 1250 elegantibus-
971 1181 1118 1251 vulgatam
1137 1183 1296 1252 lectionem,

146 1285 218 1338 qnae
244 1269 303 1323 illic
329 1269 435 1322 diserte
463 1282 583 1322 excussa
611 1272 662 1336 est,
690 1265 717 1328 ἐς
743 1267 816 1336 (ipse
840 1267 939 1322 scribit
962 1268 1011 1335 εἰς)
1033 1267 1170 1340 Εὐβίοτον
1187 1287 1240 1338 pro
1259 1267 1296 1332 ὠς

146 1351 215 1426 Erip.
246 1360 390 1425 proponat
418 1354 499 1424 quasi
527 1354 616 1423 ipsius
640 1354 755 1424 ingenio
783 1354 957 1424 debendam,
986 1359 1015 1409 st
1035 1359 1067 1408 ut
1093 1356 1130 1410 ib.
1164 1357 1206 1410 56.
1230 1358 1296 1411 voci

145 1443 345 1510 νομοτεθοῦντι
362 1457 462 1496 vocem
488 1441 619 1496 substitui
638 1441 736 1496 iubeat
753 1442 942 1508 νουτεθοῦντι,
971 1457 1053 1511 quam
1083 1443 1189 1497 codicis
1217 1442 1295 1498 Gorl.

145 1529 295 1584 lectionem
315 1543 377 1583 esse
395 1527 470 1583 idem
489 1531 611 1582 testatur
626 1527 798 1599 ,Jacobitiue
834 1529 877 1582 Ex
896 1528 975 1582 cuius
998 1529 1182 1584 adnotatione
1204 1529 1293 1584 libelli

146 1616 190 1671 De
217 1617 283 1672 luet.
309 1631 354 1684 cp.
380 1615 403 1669 l.
426 1631 513 1683 porro
546 1615 716 1684 cognoveris
741 1614 964 1670 emendationem
988 1615 1024 1670 ab
1052 1618 1086 1671 H.
1117 1617 1293 1686 propositum

145 1695 194 1765 οὓς
212 1705 276 1772 (pro
295 1699 346 1770 οἷς)
363 1698 510 1770 ὀδύρονται
528 1702 663 1771 vulgatae
682 1717 744 1758 esse
763 1701 892 1758 codicum
909 1702 1033 1759 vindob.
1051 1704 1074 1758 Β
1094 1708 1123 1758 et
1150 1702 1242 1758 Guolt
1270 1705 1292 1757 F

146 1788 203 1844 fido
238 1789 402 1845 stabilitam.
447 1787 528 1853 Quod
559 1787 705 1843 Demosth.
736 1787 813 1842 laiud.
842 1789 885 1843 27.
913 1790 947 1843 Η.
979 1789 1096 1859 corrigit
1118 1788 1296 1858 παρατρέψας

145 1892 199 1946 pro
217 1875 391 1945 περιιρὲψας,
410 1874 528 1930 Gesneni
548 1890 611 1930 cssc
629 1873 734 1929 ibidem
753 1874 854 1930 videre
873 1876 948 1930 licet.

216 1962 256 2016 At
283 1962 486 2017 Germanorum
515 1961 608 2015 studia
644 1960 767 2016 fortasse
795 1962 914 2018 consilio
942 1963 1133 2033 praetermisit
1159 1964 1296 2033 Batavus,

145 2051 272 2105 Batavos
297 2047 435 2104 conferas.
470 2049 532 2102 Iov.
557 2053 630 2118 trag.
648 2049 692 2103 31.
709 2050 752 2124 Η..
765 2064 818 2117 pro
839 2047 907 2118 μετὰ
926 2051 1007 2103 δαῖτα
1025 2049 1111 2104 scribi
1130 2051 1193 2105 vult
1210 2049 1297 2103 κατὰ

145 2138 234 2203 δαῖτα,
254 2152 327 2205 quac
346 2136 463 2191 mutatio
483 2151 500 2190 a
519 2135 628 2191 Cobeto
647 2137 726 2203 (Van.
739 2137 817 2191 Lect.
836 2152 902 2206 pag.
922 2137 983 2204 110)
997 2135 1090 2189 editur
1103 2138 1296 2205 exemplisque

145 2224 310 2278 illustratur.
346 2223 398 2288 Qui
417 2223 461 2277 Do
479 2227 570 2277 morte
588 2224 704 2292 Peregr.
723 2222 765 2277 13.
783 2224 860 2291 (Var.
876 2224 953 2278 Lect.
972 2237 1036 2292 pag.
1055 2222 1117 2290 208)
1135 2227 1235 2276 auctor
1254 2228 1298 2277 est

147 2310 276 2365 lectionis
295 2307 422 2379 ἔμβραχυ.
458 2310 516 2364 Nee
541 2325 597 2364 non
622 2309 734 2364 Saturm.
759 2310 801 2364 10.
826 2307 921 2365 futura
939 2306 1144 2378 παρανομήσετε
1163 2314 1192 2364 et
1209 2327 1296 2378 παρα-

145 2394 277 2450 attactas
301 2397 337 2452 ab
365 2397 399 2450 H.
428 2397 625 2451 commendata
651 2397 707 2452 iam
740 2413 757 2451 a
784 2396 895 2452 Cobcto
923 2397 1001 2464 (Var.
1027 2397 1106 2454 Lect.
1137 2412 1202 2466 pag.
1236 2397 1297 2464 108)

146 2483 307 2538 laudantur.
344 2482 417 2547 Quin
437 2483 558 2553 denique
578 2483 613 2538 de
632 2484 736 2538 Batavi
755 2483 904 2553 diligentia
925 2482 1074 2551 iudicabis,
1095 2483 1120 2537 si
1138 2483 1185 2538 vel
1204 2483 1296 2552 ipsum

148 2570 388 2626 Hcmsterhusium
417 2570 454 2626 ab
482 2585 517 2624 eo
545 2570 652 2625 videris
680 2571 865 2640 neglegenter
895 2569 1051 2625 collatum?
1095 2569 1129 2624 In
1156 2569 1292 2625 Prometh

146 2653 175 2712 in
193 2657 272 2712 verb.
292 2673 335 2726 cp.
356 2658 379 2710 l.
399 2657 472 2712 enim
488 2658 522 2713 H.
534 2658 642 2727 primus
654 2659 834 2727 perspexisse
847 2657 901 2712 sibi
913 2656 1027 2713 videtur
1044 2672 1144 2712 vocem
1156 2658 1298 2725 κλεπτικῆς

147 2749 307 2813 corruptam
326 2759 389 2799 esse
407 2744 626 2814 mutandamque
645 2746 741 2800 autin
760 2743 874 2813 κλέπτης
899 2748 949 2798 aut
971 2745 1000 2799 in
1023 2742 1172 2806 κλεπτικὸς.
1208 2744 1297 2799 Huius

147 2832 327 2886 coniecturae
358 2837 457 2886 auctor
484 2837 527 2885 est
558 2831 800 2901 Hemsterhusius,
831 2832 906 2886 illius
935 2832 1085 2900 Elsucrus,
1115 2831 1146 2886 id
1170 2831 1247 2900 quod
1267 2830 1297 2884 in

147 2918 294 2974 Fritnschii
313 2919 497 2973 adnotatione
515 2918 574 2974 loci
593 2919 698 2974 diserte
717 2920 876 2988 expositum
895 2923 1025 2988 apparet
1054 2918 1129 2973 Dial.
1142 2933 1210 2972 mar.
1222 2917 1297 2974 vla.

146 3011 239 3060 autem
253 3006 443 3060 coniecturam
456 3003 561 3074 ποιήσω
575 3007 610 3062 ab
623 3007 658 3061 Η.
672 3007 848 3076 propositam
862 3005 1067 3060 Hemsterhusii
1081 3020 1144 3060 esso
1156 3004 1297 3073 hodieque

146 3092 260 3162 optimis
278 3093 359 3148 libris
378 3091 481 3148 firmari
501 3094 575 3148 idem
594 3094 688 3149 editor
705 3093 914 3148 animadvertit.

216 3180 337 3235 Accedit
355 3180 433 3250 quod
453 3196 509 3234 non
534 3181 575 3235 ita
595 3181 678 3249 pauci
706 3181 761 3235 loci
789 3185 840 3235 aut
868 3180 958 3233 minus
986 3183 1118 3233 accurate
1146 3183 1195 3232 aut
1222 3176 1297 3232 salso

147 3268 268 3323 citantur
294 3273 325 3322 ut
351 3282 419 3337 pag.
438 3268 484 3320 ll:
511 3267 555 3323 De
582 3282 677 3336 paras.
705 3268 797 3336 (deest
823 3281 955 3322 numerus
983 3265 1086 3334 capitis
1110 3265 1166 3335 33.)
1188 3281 1236 3335 pg.
1255 3265 1298 3318 72.

148 3354 251 3424 legitur
270 3354 364 3410 Somn.
384 3355 424 3408 18
443 3355 564 3425 (legend.
584 3356 640 3423 19.)
657 3371 706 3425 pg.
719 3355 761 3410 13.
774 3355 880 3424 legitur
892 3355 926 3408 10
938 3371 966 3408 v.
981 3370 1014 3408 m.
1027 3353 1092 3422 (leg.
1106 3352 1220 3422 Scyth.
1240 3351 1297 3418 10.)

145 3457 192 3511 pg.
202 3442 244 3495 79.
255 3441 360 3511 legitur
371 3441 417 3495 Bis
428 3457 486 3496 acc.
498 3444 515 3496 8
526 3443 592 3511 (leg.
602 3443 638 3510 4.)
655 3459 703 3511 pg.
717 3443 757 3495 79.
771 3441 877 3510 legitur
887 3440 990 3496 Bacch.
1003 3441 1020 3495 8
1034 3440 1100 3509 (leg.
1113 3437 1250 3494 Hercul.
1261 3437 1296 3505 8.)

146 3545 194 3599 pg.
213 3529 255 3584 80.
274 3532 340 3583 ante
358 3527 464 3583 verba:
483 3545 512 3582 v.
532 3528 550 3583 f.
570 3523 726 3598 ‹iEa’iaprroo
745 3528 838 3582 deest:
863 3527 940 3595 1114,
966 3544 1014 3596 pg.
1033 3527 1076 3582 80.
1100 3527 1204 3596 legitur
1222 3524 1298 3580 Dial.
1328 3557 1331 3566 ·

147 3614 373 3672 meretr.V1113
400 3613 522 3684 (legend.
541 3614 596 3669 Vll
610 3615 646 3685 3.)
669 3630 735 3684 pag.
759 3614 801 3668 80.
827 3613 932 3682 legitur
956 3619 970 3678 ἓ
995 3617 1020 3670 5.
1046 3614 1169 3684 (legend.
1193 3613 1232 3668 lX
1253 3613 1298 3680 5.).

147 3703 203 3759 Sed
223 3719 320 3759 omnes
339 3717 504 3758 enumcrare
524 3702 638 3771 longum
657 3707 708 3758 cst
739 3703 830 3758 Unum
844 3706 936 3757 autem
950 3702 1036 3771 idque
1049 3700 1298 3756 luculentissimum

112 3851 116 3858 ,
146 3789 273 3845 incuriae
293 3791 481 3859 licentiaeque
500 3789 643 3858 specimen
662 3790 729 3859 quin
756 3789 784 3843 in
813 3788 903 3844 lucem
928 3788 1091 3858 producam,
1119 3783 1215 3840 facere
1242 3802 1298 3840 non

146 3891 270 3948 possum.
297 3878 392 3946 Ipsum
411 3877 558 3932 audiamus
577 3877 738 3945 loquentem
757 3876 834 3946 (pag.
855 3875 919 3943 74.);
937 3876 988 3930 Eat
1006 3874 1112 3941 alicubi,
1131 3872 1299 3942 inquitnpct

147 3966 295 4020 Lucrionem
322 3966 401 4033 locus,
429 3983 503 4034 quem
529 3983 599 4018 neriae
617 3966 729 4035 frustra
756 3982 861 4034 quaero,
889 3965 934 4017 ubi
956 3962 1051 4030 legitur
1066 3960 1191 4029 soranulo
1209 3951 1299 4027 ὥσπερ

146 4051 176 4106 ἐκ
190 4050 280 4121 μέθης
298 4047 457 4119 ἀνανήφειν.
495 4052 576 4114 (lacera
594 4055 677 4107 locrus
697 4054 724 4108 si
740 4054 901 4122 reppereris,
928 4057 1020 4103 uzrctm·
1043 4048 1093 4102 riui·
1110 4065 1176 4116 suu,
1194 4055 1222 4100 ul
1235 4056 1299 4117 post

146 4137 235 4209 μέθης
245 4141 356 4208 immas,
369 4141 440 4209 qood
449 4140 481 4194 oh
490 4141 613 4194 ductuum
622 4140 823 4194 airailr'tudiricm
830 4139 922 4207 perid,
935 4133 1055 4205 βαθείας
1065 4147 1127 4203 sqq.
1155 4132 1299 4188 Accurata

146 4225 277 4296 profecto
300 4224 407 4282 citandi
431 4225 519 4294 ratio,
544 4230 575 4280 at
597 4225 730 4282 scribenti
755 4222 867 4280 facilior
894 4237 977 4292 quam
1002 4220 1153 4276 iucundior
1176 4220 1296 4290 legenti!
