2944 4574
714 235 750 298 13

152 441 315 532 δρομικόν,
339 439 388 508 ὅτι
410 463 479 528 sqq.
516 442 579 510 Ubi
590 444 744 529 positivus
758 442 986 511 adieotivornm
1001 443 1118 510 formas
1134 463 1174 510 ex
1190 462 1297 529 super-

138 551 258 617 lativis
286 546 518 637 κουφο’[τατο]ν
546 586 590 595 -
619 546 888 638 δρομικ[ώτατ]ον
916 547 1106 634 depravatas
1123 568 1205 615 -esse
1234 567 1303 614 8118·

154 655 326 741 pioandnm
338 655 405 738 erit,
427 654 488 720 nisi
503 673 574 720 oum
589 654 750 738 Madvigio
766 652 862 741 (Adv.
880 653 947 719 orit.
964 655 979 718 I
994 673 1069 738 pag.
1086 651 1163 740 693)
1184 651 1302 737 Guyeti

153 758 406 826 emendationem
427 757 613 844 praetuleris
635 755 676 834 ὦς
697 755 793 842 ἴσμεν
816 760 904 835 ζῶον.

239 864 475 947 Nonnunquam
502 865 740 950 participiorum
768 864 907 948 genetivi
932 864 966 930 in
995 859 1102 926 άντων
1122 862 1174 928 vel
1201 859 1304 926 ὀντων

153 970 331 1036 desinentes
364 969 506 1034 effecisse
537 967 697 1052 videntur,
738 973 774 1033 ut
812 987 947 1050 sequens
985 986 1159 1053 pronomen
1196 961 1304 1031 αὐτῶν

153 1076 355 1141 omitteretur.
402 1072 472 1150 Quo
495 1071 589 1140 modo
612 1070 777 1139 emendem
797 1070 922 1139 Amor.
940 1071 1000 1138 18:
1024 1073 1080 1135 καί
1096 1089 1303 1154 σογκαταινε

155 1177 320 1244 σάντων
344 1173 503 1265 [αὐτῶν]
525 1173 672 1264 ἐξῄειμεν
685 1183 717 1243 et
731 1176 931 1245 Alexandr.
946 1174 1014 1246 40:
1037 1178 1094 1241 καί
1108 1173 1167 1260 τὴν
1178 1171 1306 1260 ζήτησιν

153 1281 275 1368 ταύτην
290 1277 378 1365 αὐτῷ
395 1277 586 1366 Ἀλεξάνδρῳ
602 1280 908 1365 ἐπανενεγκόντων
931 1277 1092 1370 [αὐτῶν],
1113 1276 1131 1345 ὁ
1151 1278 1304 1364 βασιλεὺς

156 1407 225 1472 sqq.
242 1393 274 1453 et
287 1386 384 1452 nial.
400 1387 552 1452 mereir.
571 1386 671 1452 XIII
687 1385 723 1452 l:
750 1381 841 1470 ὑμεῖς
861 1386 907 1463 δέ,
924 1376 948 1450 ὦ
962 1386 1100 1470 Χηνίδα,
1115 1385 1183 1468 μετ’
1197 1380 1304 1468 ὀλίγον

27 1571 30 1578 γ
155 1494 311 1574 ἐπέστητε
332 1487 390 1576 ἤδη
414 1488 638 1574 φευγόντων
661 1486 832 1580 [αὐτῶν].
871 1492 923 1557 lle
944 1492 1063 1557 morte
1080 1491 1228 1570 Peregr.
1244 1489 1301 1556 43.

154 1588 295 1664 Bekkeri
328 1597 507 1663 coniectura
541 1597 839 1680 ἐπιταραχθείημεν
868 1597 1002 1682 probata
1032 1616 1103 1663 oum
1130 1595 1304 1662 Fritusohio

155 1707 212 1767 ant
240 1721 310 1767 onnr
337 1701 451 1766 iisdem
480 1706 552 1785 post
573 1700 773 1786 participium
795 1701 976 1786 ἐγείραντος
997 1701 1145 1766 laounam
1167 1705 1306 1766 statuere

155 1805 277 1890 cogeris
298 1812 354 1871 aut
375 1807 421 1871 sie
443 1805 508 1871 lere
530 1805 634 1872 loonm
655 1808 816 1890 supplere:
846 1806 1076 1890 ἐγείραντος.
1101 1800 1240 1893 [αὐτὸς
1262 1802 1301 1893 δ’]

154 1907 273 1974 ἐκώκυε
294 1930 364 1993 sqq.
417 1908 541 1977 Amor.
565 1908 618 1975 47.
649 1929 721 1977 oum
750 1910 792 1976 do
814 1909 925 1977 Oreste
947 1916 979 1976 et
999 1909 1125 1994 Pylade
1150 1910 1304 1994 legamus,

155 2016 241 2100 quod
268 2011 309 2091 ὥς
336 2015 385 2099 ἐφ’
415 2013 485 2091 ἑνὸς
515 2013 661 2098 σκάφους
690 2015 748 2078 τοῦ
775 2019 847 2100 βίον
878 2012 1182 2090 συνέπλευσαν,
1217 2014 1304 2080 idem

154 2121 244 2187 verbi
254 2118 349 2183 πλεῖν
361 2120 566 2206 compositum
582 2119 689 2205 paullo
703 2119 833 2186 inferius
848 2120 1011 2188 restituere
1025 2140 1090 2186 non
1105 2124 1302 2187 ounotamur:

154 2222 211 2309 τὴν
234 2224 269 2288 δὲ
292 2222 445 2309 ἐρωτικὴν
467 2223 580 2308 φιλίαν
602 2219 677 2289 οὐδὲ
695 2226 832 2310 τοῖςτῆς
843 2220 992 2300 Ἑλλάδος
1008 2217 1093 2310 ὅροις
1109 2225 1300 2308 ἐμέτρησαν,

156 2324 224 2391 ἀλλ’
250 2330 303 2392 ἐπὶ
325 2326 400 2404 τοὺς
427 2325 582 2410 ἐσχάτους
607 2330 751 2392 Σκυθῶν
776 2335 934 2414 τέρμονας
963 2327 1302 2418 [σον]έπλενσαν.

155 2433 261 2499 Veluti
282 2434 332 2500 De
354 2440 445 2499 mort.
467 2434 539 2499 Per.
562 2434 615 2500 28.
638 2434 757 2519 optime
779 2435 889 2500 Cobeti
912 2435 1000 2521 (Var.
1022 2435 1109 2501 Leot.
1132 2454 1207 2519 pag.
1224 2432 1302 2518 209)

155 2539 367 2604 oonieoturam
388 2534 641 2626 [σν]στήσεσθαι
663 2538 774 2604 laudat
796 2538 996 2624 Fritzsohius,
1019 2537 1303 2604 Sommerbrodtins

154 2643 258 2709 firmat
271 2641 336 2708 tide
350 2643 467 2708 oodieis
477 2643 574 2709 Maro.
586 2644 651 2710 434
662 2642 751 2729 (Luo.
763 2663 838 2728 pag.
855 2642 932 2727 125)
969 2645 1013 2709 Ut
1023 2663 1098 2710 vero
1112 2642 1303 2709 Fritusohius

154 2747 270 2830 Navig.
288 2748 339 2814 16.
355 2748 495 2832 supplet:
520 2743 647 2830 ἑκάστῳ
668 2744 786 2835 [iosap
808 2748 854 2812 ita
874 2747 1029 2828 Imagin.
1048 2749 1083 2815 6.
1101 2747 1301 2815 oonieoerim:

155 2853 210 2935 τῆς
224 2847 348 2936 ἡλικίας
368 2851 403 2914 δὲ
422 2848 460 2914 τὸ
479 2857 598 2937 μέτρον
609 2849 635 2938 1)
656 2848 741 2915 κατὰ
757 2849 815 2934 τὴν
829 2853 865 2915 ἐν
879 2852 983 2936 Κνίδῳ
999 2855 1123 2936 ἐκείνην
1137 2849 1303 2936 μάλιστα

158 2955 311 3045 [dunaal.
357 2956 564 3023 Commendat
585 2963 692 3024 autem
713 2956 796 3023 hano
823 2956 1075 3024 emendationem
1103 2957 1214 3025 eadem
1240 2976 1304 3024 vox

154 3063 189 3129 in
211 3061 471 3147 praesedentibus
493 3063 541 3128 bis
563 3064 677 3150 posita.

242 3166 316 3234 Pro
339 3167 446 3248 lapsu
467 3165 534 3233 int.
559 3167 669 3234 salut.
695 3168 729 3234 ὅ.
775 3167 1068 3251 Pythagoraeorum
1097 3167 1204 3253 opinio
1233 3186 1305 3233 oum

155 3271 201 3337 sio
230 3291 380 3357 expressa
409 3273 464 3337 sit:
499 3275 555 3336 καί
584 3267 663 3348 ὅλως
690 3268 824 3357 ἡγοῦντο
853 3274 898 3355 τῷ
927 3275 988 3354 μὲν
1016 3267 1172 3354 ὑγιαίνειν
1201 3268 1240 3335 τὸ
1268 3259 1304 3334 εὖ

154 3373 378 3461 πράττεινκαὶ
391 3373 427 3440 τὸ
441 3380 566 3460 χαίρειν
581 3370 697 3451 εἶναι,
709 3395 820 3442 sensus
835 3377 983 3461 postulat,
998 3382 1034 3443 ut
1048 3372 1133 3462 (ooll.
1145 3375 1303 3441 Prometh.

155 3482 188 3546 in
203 3481 289 3547 verb.
315 3482 351 3546 l:
375 3481 471 3545 τοῦτο
486 3478 587 3564 μόνον
602 3475 661 3546 οὐκ
676 3475 719 3546 dv
733 3477 836 3556 εἴποις
859 3482 1022 3546 ἐνεῖναι
1044 3487 1111 3557 τοῖς
1125 3476 1303 3567 ἡμετέροις)

155 3586 252 3652 verbo
280 3579 364 3649 εἶναι
393 3587 658 3672 praepositionem
686 3559 722 3652 ἐν
751 3585 978 3672 praefigamus,
1015 3606 1098 3669 quae
1125 3605 1182 3673 pro
1210 3585 1303 3651 ditto·

155 3689 291 3776 graphia
313 3695 473 3755 extremae
494 3693 640 3775 syllabae
660 3692 748 3759 verbi
769 3695 894 3776 χαίρειν
915 3692 1026 3759 habita
1046 3690 1133 3757 haud
1154 3690 1200 3756 ita
1222 3689 1304 3754 dilli-

155 3795 216 3860 oile
245 3793 314 3860 fieri
340 3794 457 3879 potuit,
494 3800 528 3861 ut
556 3797 758 3862 omitteretur.
769 3796 796 3884 ²)
847 3796 923 3862 Pari
949 3795 1072 3869 ratione
1100 3793 1304 3862 refioiendnm

226 3967 248 4036 ¹)
266 3967 356 4022 Huius
373 3967 430 4023 looi
448 3968 559 4038 aliquot
575 3967 668 4025 verba
684 3985 737 4025 nos
755 3973 829 4038 part.
846 3969 860 4024 l
878 3985 944 4039 pag.
962 3969 979 4023 6
997 3968 1096 4038 spuria
1114 3968 1257 4025 censuisse
1274 3967 1304 4024 in

155 4054 320 4109 memoriam
337 4069 475 4110 revocare
492 4054 614 4110 iuvabit.

226 4140 249 4207 2)
260 4140 305 4196 De
318 4139 418 4196 eodem
430 4140 513 4211 lapsu
525 4140 601 4196 infra
612 4147 686 4211 part.
697 4142 739 4197 111
748 4141 803 4198 erit
812 4141 1007 4199 disserendum
1013 4141 1097 4210 (Dial.
1105 4157 1175 4198 mar.
1184 4140 1254 4198 VIII
1259 4141 1304 4211 2.),

156 4226 360 4298 quipermnltis
369 4227 440 4284 loeis
446 4228 594 4286 Luoianeis
601 4231 740 4286 masolam
750 4227 887 4299 impingit.
904 4229 944 4288 Ut
951 4229 1013 4286 inre
1022 4229 1124 4300 arripit
1132 4227 1303 4286 Fritusohius
