2944 4574
718 211 851 275 11-

159 417 244 482 hune
265 415 360 483 linem
376 417 452 482 facit
467 419 690 484 exsecrationis
706 418 857 486 divitum:
881 421 986 484 ταῦτα
1001 423 1056 483 καὶ
1070 419 1171 484 πλείω
1186 419 1310 486 τούτων

160 517 382 604 εόξαίμεθ’ἀν,
405 522 436 584 εἰ
455 521 500 606 μὴ
519 521 647 587 ’θέλωσι
669 523 712 587 τό
730 519 813 606 ἀγαν
836 523 995 607 φίλαυτον
1013 526 1097 589 τοῦτ’
1120 521 1256 608 ἀφέντες
1277 529 1309 602 ἐς

159 625 197 690 τὸ
219 624 329 689 κοινὸν
350 625 504 690 πλουτεῖν
526 630 581 690 καὶ
603 627 815 710 μεταδιδόναι
837 625 914 715 ἡμῖν
935 632 1000 694 τῶν
1021 635 1169 714 μετρίων.
1208 633 1308 697 Immo

159 731 284 815 scripsit
298 731 457 796 Lucienus
472 733 536 794 τῶν
553 727 614 820 [οὐ]
630 739 778 817 μετρίων,
802 754 876 799 nam
891 734 1067 800 immodicis
1082 736 1173 800 bonis
1188 735 1310 802 invidia

159 837 323 900 excitatur.
379 835 523 900 Eandem
552 835 708 902 medelam
737 837 824 902 locus
854 837 1010 921 efflagitat
1039 838 1179 904 eiusdem
1208 841 1309 906 libelli

159 957 235 1021 cap.
260 937 324 1004 33:
356 945 403 1015 τίς
431 937 492 1023 γάρ
523 933 565 1003 ἀν
595 939 775 1025 φθονήσειε
805 931 850 1024 τῷ
878 944 1083 1006 κοινωνοῦντι
1106 945 1162 1006 καί
1185 941 1307 1008 διδόντι

157 1047 222 1108 τῶν
235 1038 296 1132 [ov']
312 1048 460 1127 μετρίων.
492 1044 643 1109 conferas
662 1051 768 1111 autem
781 1046 835 1111 Bis
850 1066 953 1113 accus.
974 1047 1026 1113 25.
1043 1045 1125 1134 (in),
1141 1048 1196 1112 ubi
1211 1068 1307 1132 nega

157 1151 275 1214 tionem
298 1150 446 1214 omissam
476 1151 647 1215 rectissime
674 1151 810 1217 restituit
832 1151 1117 1216 Sommerbrodtius
1140 1153 1229 1238 (Luc.
1252 1174 1306 1238 pg.

161 1253 234 1338 117)
269 1252 411 1318 Timon.
438 1253 496 1319 29.
521 1251 592 1340 (in.)
615 1254 900 1321 Sommerbrodtius
930 1277 1000 1322 cum
1020 1257 1138 1322 Cobeto
1161 1259 1307 1322 voculam

158 1358 194 1421 δέ
214 1358 307 1424 delet.
353 1359 395 1422 At
416 1359 549 1424 fortasse
579 1359 764 1443 legendum:
796 1357 901 1424 ἙΡΜ.
934 1355 1043 1449 [dalaq
1073 1360 1122 1436 δέ,
1156 1360 1191 1426 id
1220 1362 1305 1444 quod

156 1462 354 1528 Wielandius
385 1462 545 1529 divinasse
566 1463 705 1546 videtur,
737 1485 807 1529 cum
829 1471 980 1530 verteret:
1017 1467 1091 1529 Πανί
1117 1463 1304 1548 ηίιίοίωοολί,

155 1569 239 1629 moia
258 1575 347 1648 pater
369 1566 499 1642 Plutus,
523 1569 582 1630 bist
604 1570 665 1631 Da
686 1589 719 1630 εο
740 1568 821 1651 plait
842 1571 909 1632 aad
930 1569 1115 1652 sodlspfriq.

243 1671 349 1736 Multis
371 1669 488 1736 deinde
510 1672 587 1736 locis
608 1662 666 1734 καὶ
688 1674 845 1758 particula
864 1672 982 1738 excidit
996 1679 1071 1737 ante
1085 1691 1195 1738 vocem
1218 1671 1304 1736 κατά

154 1775 206 1839 vel
228 1775 325 1840 aliam
348 1775 460 1840 eadem
482 1777 586 1842 littera
607 1777 818 1862 incipientem.
864 1777 908 1842 Ut
925 1775 1060 1842 Herod.
1077 1775 1105 1841 1.
1131 1777 1302 1861 corrigam:

155 1871 271 1942 οὔκουν
285 1876 372 1964 ίγξίου
388 1880 532 1943 διασπᾶν
554 1879 591 1943 τὸ
606 1883 741 1964 πρᾶγμα
756 1877 832 1944 οάδέ
848 1879 933 1944 κατὰ
949 1881 1109 1965 διαίρεσιν
1123 1875 1206 1944 οὕτω
1223 1879 1302 1970 [καὶ]

155 1985 223 2047 κατ’
256 1979 362 2066 ὀλίγον
392 1979 532 2068 ἀγείρειν
561 1987 617 2047 καὶ
650 1984 814 2067 συλλέγειν
850 2005 919 2068 sqq.
952 1992 983 2051 et
1013 1983 1209 2051 AnacharS.
1240 1986 1301 2052 34:

155 2090 211 2150 καί
228 2083 347 2171 ἀδηλον
363 2084 462 2151 ὁπότε
476 2111 524 2162 τις
540 2087 677 2164 ἐπιστὰς
692 2088 893 2172 κοιμώμενον
907 2087 985 2177 [καί]
1003 2087 1222 2166 κατασπάσας
1234 2111 1302 2174 sqq.

100 2225 103 2231 ·
154 2199 185 2256 et
203 2190 323 2272 Navig.
340 2192 399 2258 44.
421 2190 566 2256 εἰσιόντα
588 2189 737 2256 ἀθέατον
754 2190 833 2282 [καί]
850 2198 1047 2275 κοιμίσαντα
1063 2213 1132 2277 sqq.
1149 2202 1180 2260 et
1194 2196 1302 2280 paullo

152 2297 295 2362 inferius:
318 2301 544 2380 προσθέμενος
567 2293 610 2361 ἀν
631 2304 697 2372 τοῖς
719 2286 905 2383 ἡττημένοις
930 2295 1007 2386 [καί]
1033 2303 1182 2380 κοιμίσας
1204 2319 1273 2382 sqq.

240 2402 292 2467 De
314 2401 470 2467 meroed.
495 2401 598 2467 cond.
616 2401 668 2468 15.
706 2403 850 2468 Mercede
872 2403 1026 2468 conducto
1050 2403 1175 2468 cuidam
1190 2405 1303 2470 Lucia·

152 2525 228 2570 nus:
260 2507 296 2571 ln
320 2507 478 2588 convivio,
509 2507 625 2590 inquit,
656 2508 738 2571 servi
767 2514 798 2572 te
828 2507 997 2572 observant
1019 2509 1060 2572 ab
1082 2509 1152 2592 ipso
1174 2507 1301 2574 domino

151 2611 241 2693 iussi,
266 2605 350 2684 ὅπως
366 2613 397 2685 ές
417 2607 491 2685 τοὺς
511 2610 632 2684 παῖδας
652 2605 671 2694 ἢ
692 2612 723 2685 ές
743 2608 800 2694 την
820 2618 957 2692 γυναῖκα
980 2611 1017 2674 εί
1038 2609 1242 2686 πολλάκις
1265 2614 1301 2675 έκ

151 2717 315 2798 περιωπῆς
338 2711 547 2800 ἀποβλέψεις.
586 2716 674 2780 Ηκοο
696 2715 763 2780 iere
777 2715 917 2781 omnium
932 2716 1082 2782 librorum
1097 2717 1194 2782 verba
1217 2716 1300 2803 (cod.

151 2819 266 2884 Graev.
288 2818 319 2882 εί
333 2818 461 2906 omittit)
484 2839 607 2884 crucem
630 2819 771 2884 efficiunt
791 2820 1006 2904 interpretum,
1031 2842 1101 2887 cum
1123 2822 1207 2888 duae
1229 2842 1301 2887 con·

150 2924 325 2990 iunctiones
341 2918 426 2998 ὅπως
442 2929 474 2988 et
488 2923 518 2986 εί
531 2925 564 2989 in
580 2923 691 2990 eodem
712 2925 874 2990 enuntiato
895 2925 969 2990 ferri
989 2933 1156 3008 nequeant.
1195 2926 1301 3004 Quare

149 3027 341 3094 Fritzschius
361 3026 395 3091 εἴ
408 3052 474 3102 πως
494 3029 621 3111 corrigit
640 3050 697 3113 pro
718 3023 804 3103 ὅπως
819 3031 932 3095 vocula
942 3009 978 3092 ἐἰ
992 3036 1066 3094 ante
1080 3028 1238 3107 πολλάκις
1253 3050 1301 3097 εο-

149 3131 287 3197 cundum
310 3131 451 3198 codicem
474 3132 688 3198 Graevianum
711 3132 826 3198 deleta.
872 3132 1052 3216 Madvigius
1075 3141 1180 3200 autem
1203 3135 1299 3222 (Adv.

148 3236 216 3301 orit.
232 3239 248 3300 I
262 3257 337 3321 pag.
355 3236 433 3323 684)
449 3238 566 3302 tradita
580 3239 678 3303 verba
692 3257 823 3304 servans
839 3237 870 3300 εί
884 3236 1042 3313 πολλάκις
1057 3240 1151 3305 vertit
1166 3241 1204 3317 ,εί
1214 3243 1301 3322 forte

147 3342 257 3424 saepe’.
303 3341 393 3418 Quae
407 3343 505 3406 verba
526 3343 554 3407 si
576 3342 662 3427 apud
684 3343 859 3408 Lucianum
882 3344 1008 3427 saepius
1031 3343 1175 3409 adverbii
1196 3346 1299 3410 locum

107 3441 109 3446 ’
146 3445 339 3529 obtinerent,
367 3448 414 3512 nil
435 3447 588 3532 obstaret,
618 3448 694 3529 quin
716 3446 948 3512 assentiremus.
994 3447 1037 3512 At
1064 3463 1169 3513 nonne
1198 3449 1299 3514 omnis

148 3551 279 3616 offensio
309 3552 443 3635 tollitur,
478 3551 573 3617 modo
607 3554 811 3638 suppleamus
841 3559 978 3634 γυναῖκα
1010 3548 1088 3639 [καὶ]
1119 3551 1150 3615 εί
1182 3571 1298 3636 ,quem-

147 3654 320 3720 admodum
342 3655 375 3719 in
397 3655 513 3721 liberos
536 3663 592 3722 aut
612 3658 645 3722 in
668 3675 798 3723 uxorem
821 3664 853 3722 et
875 3677 951 3722 num
973 3676 1070 3741 saepe
1092 3658 1148 3742 (sc.
1164 3658 1197 3722 in
1213 3656 1298 3744 eam)

147 3761 255 3824 oculos
278 3759 462 3825 conicias'?

235 3863 452 3930 Harmonid.
478 3864 512 3930 3.
535 3871 570 3930 ut
591 3866 736 3949 legamus
759 3859 1016 3954 ἀναπληρού[τω]
1041 3863 1079 3929 τὸ
1102 3866 1221 3941 ένδέον,
1251 3867 1298 3932 in-

145 3969 305 4049 sequentis
327 3969 507 4053 imperativi
529 3969 631 4035 forma
653 3971 785 4034 δοκείτω
812 3971 963 4055 exposcit.
1010 3969 1238 4050 Tyrannicid.
1264 3971 1294 4037 l.

145 4073 245 4156 Duos,
268 4074 379 4158 inquit,
401 4080 554 4157 tyrannos
573 4076 627 4158 qui
646 4073 797 4157 interfeci,
821 4075 865 4140 ad
883 4094 940 4140 vos
959 4076 1062 4159 venio,
1087 4076 1217 4160 iudices,
1241 4073 1298 4140 τὸν

145 4181 208 4258 μέν
226 4171 284 4260 ίγδη
304 4177 526 4263 παρηβηκότα,
549 4177 606 4242 τὸν
626 4179 661 4242 δὲ
681 4174 871 4261 ἀκμάζοντα
891 4180 946 4242 καί
966 4175 1045 4262 πρὸς
1066 4177 1218 4264 διαδοχὴν
1233 4183 1297 4244 τῶν
