2944 4574
728 228 771 296 22

173 437 333 505 oraculum
355 437 505 504 visitaret.
530 435 656 520 ἔπεμπε
678 426 766 502 δὀῗιν
782 401 899 513 δόλους
914 437 963 500 ἐπ’
982 432 1099 512 ἄλλους
1114 459 1122 477 ·
1139 434 1171 500 οἱ
1192 436 1229 500 δὲ
1243 459 1322 520 πεμ·

172 541 309 624 πόμενοι
332 542 460 616 ἰδιῶταί
479 566 562 627 τινες
585 541 709 606 οἰκέται
725 541 842 630 ῥᾳδίως
857 543 1120 626 ἐξαπατηθέιπες
1135 538 1324 627 ἐπανῄεσαν

172 643 214 710 τὰ
229 652 290 728 μὲν
304 645 435 722 ἰδόντες,
451 644 493 710 τὰ
510 647 545 710 δέ
560 643 601 722 ὥς
616 643 738 721 ἰδόντες
760 648 828 709 καὶ
848 643 893 721 ὥς
916 641 1178 719 ἀκούσαντες
1201 643 1323 728 διηγού-

172 773 274 834 μενοι.
320 751 357 816 In
380 751 441 818 hac
463 750 605 818 codicum
629 750 733 817 (iucif.
756 752 792 834 F,
819 751 919 816 Paris.
942 751 984 835 M,
1007 749 1146 814 Florent.
1161 753 1202 831 Φ,
1225 749 1322 814 Mare.

172 855 236 920 434
270 855 479 938 editionisque
509 857 659 939 vulgatae
701 855 835 921 lectione
863 855 974 920 vitium
1007 855 1107 918 latere
1137 873 1229 919 nemo
1260 874 1322 918 non

172 957 276 1042 videt3
310 979 385 1025 nam
406 958 486 1025 illud
509 955 549 1034 ὡς
572 955 771 1034 ἀκούσαντες
793 957 950 1041 quomodo
979 957 1249 1042 interpretandum
1272 958 1322 1042 sit,

174 1084 238 1129 non
250 1065 361 1129 elucet.
396 1062 550 1146 Madvigii
566 1060 661 1149 (Adv.
678 1064 773 1130 oritl
789 1084 843 1148 pg.
856 1062 934 1149 691)
952 1063 1131 1128 coniectura
1146 1057 1186 1137 ὥς
1201 1061 1324 1138 ἰδόντες

173 1171 228 1232 καὶ
252 1165 274 1231 δ
296 1163 439 1251 ἥκουσαν
459 1167 553 1232 nimis
582 1166 730 1233 recedere
752 1167 875 1234 videtur
904 1187 925 1232 a
952 1166 1076 1232 traditis
1104 1166 1226 1250 verbis3
1259 1185 1324 1248 qua

173 1273 284 1338 eadem
308 1290 413 1354 causa,
437 1269 522 1354 quod
537 1271 728 1336 Fritesehius
751 1272 907 1357 proponit,
930 1271 1109 1356 improbare
1124 1291 1228 1356 cogor,
1252 1291 1323 1338 cum

172 1383 244 1462 post
265 1375 363 1440 verba
391 1371 434 1439 τδι
463 1379 524 1456 μὲν
551 1371 673 1449 ἰδόντες
703 1374 859 1442 excidisse
887 1381 1005 1442 statuat
1036 1379 1092 1440 καὶ
1115 1371 1322 1450 ἀκούσαντες.

102 1523 108 1536 .
173 1481 290 1546 Verum
313 1479 489 1546 servavisse
511 1479 644 1545 arbitror
666 1479 806 1546 codicem
829 1478 926 1546 Mare.
947 1479 1029 1545 436:
1060 1475 1101 1555 ὥς
1124 1474 1323 1554 ἀκούσαντες

173 1586 229 1648 καὶ
252 1580 383 1659 ἰδόντες,
414 1583 509 1649 modo
532 1590 758 1650 commutemus
785 1585 866 1650 inter
888 1603 922 1650 se
944 1585 1075 1650 voculas
1098 1579 1139 1658 ὥς
1161 1589 1193 1649 et
1215 1584 1270 1646 καὶ
1293 1590 1324 1648 et

171 1687 255 1753 hane
280 1688 426 1754 voculam
452 1689 626 1773 particulae
656 1693 772 1769 καίπερ
801 1689 901 1754 instar
928 1687 1094 1773 participio
1126 1684 1324 1763 όκοόσαντες

173 1791 316 1858 additam
349 1811 419 1858 esse
451 1793 543 1858 nobis
576 1790 833 1877 persuadeamus.
891 1790 992 1868 Quem
1020 1809 1112 1856 usum
1142 1811 1162 1856 a
1190 1792 1324 1857 Luciani

173 1896 437 1980 generedicendi
464 1917 528 1963 non
558 1896 727 1963 abhorrere
756 1896 932 1982 complures
958 1895 1019 1961 loci
1041 1894 1266 1978 demonstrant,
1289 1900 1326 1960 ut

172 2000 312 2065 Hermot.
336 2001 394 2067 74:
425 1994 483 2064 οὐκ
506 2001 698 2076 ἐννοοῦντες,
721 1997 755 2064 εἴ
771 2023 803 2064 τι
825 2001 936 2083 γένοιτ’
962 1994 1005 2063 δν
1027 1995 1214 2063 ἀκόλουθον
1235 1994 1324 2082 αὑτῷ

173 2107 243 2167 καὶ
266 2104 388 2191 ψεῦδος
410 2099 448 2169 δν
470 2104 529 2191 (sie
552 2125 623 2172 eum
645 2105 819 2171 Fritzschio
841 2103 945 2190 lego),
969 2103 1080 2169 Abdie.
1104 2104 1141 2168 2:
1173 2098 1324 2187 ἄχθομαι

173 2246 216 2255 -
238 2247 281 2256 -
303 2209 354 2272 ἐπ’
389 2211 518 2292 ἐμαυτῷ
552 2205 709 2274 ἀπειθεῖν
742 2208 889 2271 δοκοῦντι
924 2206 995 2268 καὶ
1024 2202 1047 2268 διΙ
1076 2203 1324 2290 προστάττομαι

172 2309 345 2396 ὑπουργεῖν
368 2308 406 2377 οὐ
421 2312 603 2395 δυναμένῳ,
626 2312 753 2378 Hercul.
780 2311 814 2376 l:
839 2306 923 2389 ἀλλὰ
947 2312 1017 2374 καὶ
1039 2311 1183 2386 τοιοῦτος
1200 2305 1245 2374 (δν
1259 2309 1324 2394 ἔχει

174 2410 257 2498 ὅμως
279 2414 337 2500 τὴν
360 2413 476 2501 σκευὴν
494 2412 553 2500 τὴν
563 2411 774 2500 Ἡρακλέους,
797 2416 847 2482 De
862 2417 967 2482 saltat.
985 2417 1043 2482 83:
1067 2413 1125 2499 τὴν
1139 2411 1256 2478 ἄνοιαν
1270 2417 1325 2499 τῆς

174 2515 331 2604 ὀρχήσεως
360 2516 635 2595 ἐπικαλύπτοντες
664 2523 734 2583 καὶ
764 2515 903 2606 ἀκριβῶς
930 2516 1064 2605 δρῶντες
1094 2517 1190 2604 (hano
1211 2519 1325 2604 prioris
1455 2561 1456 2569 κ

173 2624 320 2690 editionis
353 2624 685 2692 Summerbrodtianae
718 2625 883 2708 lectionem
916 2623 1133 2710 servaverim.)
1186 2624 1325 2691 Probata

42 2779 46 2788 .
174 2733 280 2794 autem
295 2734 403 2807 nostra
416 2729 661 2814 transpositione
672 2729 755 2794 hane
765 2728 896 2794 habebis
907 2729 1094 2796 sententiam
1107 2729 1325 2814 satisplanam
1454 2775 1455 2780 ε

173 2852 212 2898 ae
233 2833 448 2918 perspicuam:
472 2833 571 2918 ,Missi
586 2852 671 2919 vero,
694 2853 758 2917 qua
780 2839 870 2899 erant
883 2853 1044 2900 servorum
1067 2833 1209 2917 stultitia,
1232 2832 1325 2898 facile

173 2936 297 3022 decepti
326 2943 519 3005 reverterunt
548 2938 613 3004 alia
641 2929 825 3025 conspicati,
856 2939 921 3004 alia
949 2938 1093 3022 quamvis
1121 2936 1232 3004 audite
1254 2957 1324 3003 nar-

173 3046 288 3125 rantes,
312 3043 403 3124 quasi
426 3041 598 3128 conspicati
621 3042 744 3108 essent’.

715 3287 789 3372 lv.

283 3460 393 3526 Trium
414 3461 585 3546 praecipue
605 3481 757 3544 generum
771 3459 891 3526 menda·
902 3459 1035 3526 Lueiani
1049 3458 1173 3544 seriptis
1189 3459 1326 3525 eximere

174 3563 279 3629 adhuc
308 3570 439 3630 conatus
461 3570 559 3630 restat
586 3570 620 3630 ut
642 3571 783 3630 extrema
812 3562 1035 3648 disputationis
1057 3581 1147 3629 meae
1168 3563 1326 3649 particula

173 3667 260 3733 locos
277 3667 399 3750 aliquot
413 3686 602 3751 enumerem,
626 3669 680 3750 qui
702 3687 760 3734 suo
783 3666 915 3749 quisque
930 3666 1007 3732 vitio
1029 3666 1210 3734 laborantes
1231 3687 1324 3752 peen-

174 3771 245 3835 liari
268 3771 322 3836 alii
345 3772 442 3838 aliam
465 3777 615 3856 expetunt
638 3770 836 3839 medicinam.

262 3873 371 3941 libet.
396 3894 515 3957 praec.
537 3877 572 3942 9.
617 3877 707 3944 Duas
729 3876 836 3943 docuit
858 3875 1017 3942 Lucienus
1038 3880 1148 3960 patere
1168 3874 1238 3940 uias
1261 3874 1325 3940 elo-

175 3977 323 4061 quentiae
345 3999 473 4064 operam
496 3981 637 4064 novanti,
667 3986 872 4066 praeruptam
893 3982 1035 4065 alteram,
1058 3978 1246 4065 lapidosam,
1273 3998 1324 4046 su·
1450 4049 1451 4056 ¹

176 4081 261 4148 doris
283 4082 410 4168 plenam
434 4083 497 4171 (op.
521 4087 552 4153 3.
575 4092 721 4170 τραχεῖα,
752 4080 865 4170 ὄρειος,
889 4083 1020 4169 ἱδρῶτος
1041 4081 1144 4169 μεστή
1167 4090 1199 4150 et
1221 4103 1270 4168 cp.
1295 4084 1324 4148 Ἰ.
1450 4077 1451 4096 ’

175 4182 323 4271 ἅτραπος
346 4190 416 4253 ἐστι
440 4187 534 4275 στενὴ
556 4191 612 4254 καὶ
628 4185 822 4274 ἀκανθώδης
838 4190 893 4262 καὶ
908 4195 1053 4270 τραχεῖα,
1077 4185 1160 4252 πολὺ
1174 4186 1212 4252 τὸ
1228 4187 1324 4274 δίψος
