2944 4574
764 203 784 264 3

670 291 877 300 .----——.

197 407 293 484 πόδες
316 407 364 492 δή.
409 409 572 491 Quotquot
598 415 703 475 autem
730 410 791 476 loei
818 409 930 477 eodem
952 410 1061 476 morbo
1083 411 1261 476 laborantes
1282 411 1347 477 iam

197 514 302 580 sanati
320 519 402 597 sunt,
425 519 531 578 tamen
551 513 738 598 frequentia,
759 515 880 599 opinor,
905 514 1059 580 eiusmodi
1074 514 1296 581 additamenta
1314 517 1347 581 in

198 704 298 760 eodem
316 703 401 759 modo
419 705 476 758 iam
495 708 610 759 sanatos
629 703 751 759 vidisset
768 706 816 759 val
836 721 853 758 a
872 704 1029 759 Fritzsehio
1048 707 1096 760 val
1117 705 1152 761 ab
1167 707 1245 761 aliis:
1263 705 1347 762 Alex.

198 791 240 846 14.
253 789 399 852 verbarllr
411 790 539 858 eszosvo'
561 807 622 860 sqq.
634 807 749 846 versum
763 789 877 846 efficere
889 791 1051 846 iamdudum
1063 792 1233 848 Fritzschius
1246 794 1348 863 sensit3

198 878 235 933 ib.
254 878 295 931 27.
320 876 366 930 καλ
390 879 503 938 κακῶς
527 875 680 945 ἀπήλλαξεν
713 879 875 932 coniectura
905 877 1023 934 Gesneri
1052 884 1083 942 et,
1111 879 1227 948 Seageri
1258 885 1302 935 est
1331 897 1348 934 a

197 964 354 1019 Fritzsehio
367 962 500 1018 refutata.
519 964 660 1019 Prometh.
671 965 713 1018 13.
727 962 909 1018 decadarum
922 970 951 1020 et
960 965 998 1022 ib.
1006 966 1047 1020 14.
1058 962 1159 1034 άιιαλλῆ
1167 967 1347 1022 aFritzschio

197 1052 348 1121 proposita
366 1055 439 1105 sunt.
474 1049 553 1104 ldem
573 1055 639 1105 ante
656 1052 690 1106 H.
714 1051 788 1107 Dial.
811 1056 893 1106 mort.
916 1052 943 1105 X
966 1053 1009 1108 13.
1032 1051 1118 1122 ἡμεῖς,
1131 1054 1212 1108 uncis
1235 1054 1349 1109 inclusit

198 1137 324 1192 codicem
350 1137 443 1192 Vatic.
471 1137 506 1190 87
530 1142 642 1192 secutus
668 1143 696 1192 et
722 1137 766 1192 De
793 1143 874 1192 mort.
902 1139 1019 1208 Peregr.
1046 1141 1088 1194 28.
1115 1141 1264 1194 articulum
1291 1145 1347 1201 τοῖς

199 1228 264 1278 ante
286 1239 387 1278 vocem
413 1227 523 1285 πολλοῖς
551 1223 667 1278 delevit.
711 1221 786 1278 Dial.
814 1224 891 1280 deor.
917 1225 1013 1282 XXVI
1026 1227 1051 1280 2.
1078 1223 1129 1293 άελ,
1157 1227 1234 1296 quod
1252 1227 1347 1281 Herw.

198 1327 250 1379 pro
269 1312 314 1364 δεῖ
330 1311 433 1379 corrigi
448 1310 539 1380 jubet,
562 1311 591 1365 in
616 1310 714 1365 codice
737 1311 828 1369 Vatie.
853 1312 886 1366 oi
911 1312 1055 1367 invenitur
1078 1313 1129 1368 sed
1152 1330 1169 1368 a
1191 1314 1347 1368 Fritzsehio

198 1397 283 1466 plane
314 1398 440 1466 ineptum
470 1399 641 1467 appellatur.
692 1398 766 1453 Dial.
795 1413 867 1454 urar.
897 1399 939 1454 IX
963 1400 989 1456 2.
1018 1398 1122 1471 θάμβει
1157 1386 1212 1454 iam
1243 1401 1347 1456 dudum

201 1485 381 1553 aLennepio
401 1485 558 1539 coniectum
576 1485 716 1553 probante
734 1486 835 1540 Belino
859 1502 933 1541 nunc
958 1487 1062 1556 legitur
1088 1489 1118 1541 in
1145 1487 1228 1542 codd.
1255 1489 1348 1542 Vatic.

198 1570 232 1622 87
252 1575 280 1625 et
298 1570 424 1626 (inaltF
444 1576 473 1626 et
489 1571 634 1626 Marciano
646 1571 699 1626 434
710 1587 728 1626 a
741 1571 982 1628 Sommerbrodtio
996 1588 1131 1643 excusso,
1150 1574 1198 1629 ubi
1212 1591 1267 1644 quo
1281 1591 1349 1629 casu

200 1656 347 1726 acciderit,
391 1663 423 1712 ut
454 1658 699 1728 Herwerdeuium,
739 1659 787 1728 qui
811 1675 880 1728 prae
906 1661 970 1716 aliis
1004 1661 1216 1716 accuratissime
1242 1662 1348 1716 codicis

198 1743 352 1812 scripturas
380 1745 488 1809 aruisse
515 1745 570 1800 sibi
599 1744 728 1815 videtur,
757 1745 831 1800 haec
858 1762 917 1801 vox
947 1745 1073 1816 fugeret,
1104 1749 1224 1805 maxime
1254 1749 1348 1803 miror.

198 1829 324 1899 Philops.
353 1831 395 1886 31.
421 1829 560 1899 σκοτεινὴν
582 1832 632 1884 τοῦ
650 1848 704 1900 pro
731 1833 871 1886 σκοτεινοῦ
899 1837 965 1888 ante
991 1834 1026 1887 H.
1051 1838 1079 1888 et
1103 1834 1139 1887 ab
1165 1835 1276 1889 Halmio
1304 1839 1349 1890 est

198 1918 354 1973 coniectum
382 1922 411 1972 et
438 1933 456 1972 a
481 1916 648 1973 Fritzsehio.
697 1918 746 1972 Bis
773 1934 865 1974 aecus.
892 1919 935 1974 32.
961 1920 1158 1975 Herwerdenii
1186 1923 1349 1976 coniectura

198 2002 264 2072 ἔχων
283 2001 330 2057 ἔτι
349 2004 434 2058 εἰπεῖν
452 2005 593 2060 simillima
614 2009 658 2059 est
680 2005 891 2062 Fritzsehiauao
915 2004 965 2060 ἔτι
989 2005 1055 2075 ἔχων
1079 2007 1173 2062 εἰπεῖν.
1213 2009 1347 2078 Necyom.

198 2094 222 2146 λ.
240 2088 316 2144 πάνυ
333 2111 360 2144 τι
377 2107 430 2160 pro
448 2090 538 2160 πάντη
558 2080 728 2147 Diudorfius'
745 2093 863 2161 invenit,
887 2094 996 2162 recepit
1018 2095 1201 2151 Fritzsehius.
1242 2095 1349 2150 Eadem

199 2193 235 2234 ex
261 2178 387 2256 editione
414 2178 619 2234 Herwerdeuio
647 2194 820 2248 cognoscere
847 2179 928 2234 licuit
953 2181 1055 2248 Navig.
1082 2183 1107 2234 4.
1136 2181 1348 2251 Schwidopium

199 2265 324 2332 (observ.
359 2266 426 2321 Luc.
456 2267 497 2322 IV
530 2282 597 2335 pag.
631 2267 675 2334 28)
710 2268 868 2322 correxisse
899 2260 916 2335 ἢ
947 2267 977 2320 εἰ
1011 2265 1123 2334 ἐθέλεις,
1163 2269 1348 2324 Fritzschium

199 2352 382 2421 improbasse.
406 2352 448 2408 lb.
471 2353 513 2407 28.
535 2352 582 2406 Fr.
607 2353 796 2407 coniecturam
820 2352 1017 2408 Herwerdenii
1036 2354 1091 2422 μετ’
1114 2352 1204 2422 ὀλίγον
1221 2356 1277 2410 iam
1296 2372 1348 2410 acu

198 2441 298 2510 tangit,
328 2457 390 2495 oum
419 2439 510 2494 dicat:
537 2438 606 2492 κατ’
630 2437 747 2506 ὀλίγον
775 2442 884 2510 defendi
901 2449 987 2510 potest
1009 2459 1055 2494 aec
1075 2443 1177 2496 videtur
1194 2445 1349 2497 mutandum

198 2546 260 2596 esse,
278 2530 327 2582 etei
344 2547 397 2582 aaa
415 2529 503 2580 micare
521 2528 647 2580 usitatum
670 2535 707 2580 cst
729 2526 794 2594 μετ’
823 2524 949 2592 ὀλίγον.
992 2526 1112 2581 Conviv.
1139 2528 1182 2582 20.
1209 2529 1238 2582 in
1267 2529 1349 2584 codd.

199 2615 276 2669 Gorl.
296 2619 325 2668 et
343 2614 432 2668 Oxou.
460 2613 518 2682 legi
541 2610 744 2681 γεγεννημένοις
767 2611 917 2667 Fritaschii
937 2612 1084 2667 adnotatio
1112 2613 1211 2685 docet,
1240 2616 1277 2670 ib.
1305 2615 1348 2670 48.

198 2702 391 2756 Fritzsehiana
416 2700 540 2754 editione
567 2699 672 2754 collata
689 2700 723 2754 H.
747 2714 778 2754 se
802 2699 871 2754 nihil
894 2700 964 2754 novi
983 2701 1144 2769 repperisse
1161 2703 1349 2758 intellexisset

199 2785 363 2857 ἀπράγμονα
382 2802 545 2857 proponens
563 2802 615 2855 pro
632 2779 781 2855 ἄπρακτον.
817 2786 859 2841 Ne
878 2787 913 2840 de
933 2803 967 2841 eo
985 2787 1094 2856 loquar,
1114 2790 1191 2857 quod
1209 2790 1349 2845 editiones

199 2875 255 2929 iam
280 2880 345 2930 ante
363 2875 559 2930 Jacobitianas
578 2873 638 2930 fere
657 2890 753 2929 omnes
772 2872 935 2943 ἀπράγμονα
953 2875 1025 2928 illud
1044 2875 1209 2945 exhibeant,
1235 2878 1349 2947 optime,

203 2962 313 3032 opinor,
331 2961 505 3016 Fritaschius
524 2961 646 3016 facetam
664 2961 784 3016 ironiam
802 2962 948 3031 perspexit
965 2962 1047 3016 vocis
1066 2955 1224 3031 depraeca.-
1242 2967 1349 3034 ironice,

199 3049 297 3118 inquit,
322 3052 460 3104 Laciadas
482 3051 514 3102 de
532 3058 609 3102 secret
626 3050 686 3119 ι’γιεο
704 3051 818 3104 detrabit
836 3050 927 3115 otioso,
946 3050 992 3118 qui
1007 3050 1223 3120 philosophando
1241 3070 1349 3122 operam

194 3138 299 3206 perdat.
339 3138 372 3192 Ut
388 3138 459 3190 enim
477 3133 627 3205 ἀπράγμων
646 3138 676 3190 irs
693 3139 771 3190 laude
786 3138 903 3206 positam
920 3145 965 3204 eet,
984 3138 1023 3190 ita
1041 3129 1182 3206 ἄπρακτος
1198 3157 1298 3208 semper
1313 3153 1350 3200 est

199 3226 229 3278 ιἰι
246 3226 320 3279 citio.
355 3223 449 3292 Fugit.
463 3225 487 3278 7.
505 3221 668 3292 ἐμπλήσειαν
686 3240 738 3292 pro
757 3223 865 3278 tradito
884 3223 966 3278 verbi
984 3224 1166 3281 coniunctivo
1185 3242 1203 3279 a
1215 3225 1349 3280 Bekkero

198 3310 381 3365 substitutum
399 3326 417 3365 a
434 3309 592 3365 Fritaschio
611 3310 757 3380 probatur,
786 3326 953 3380 quamquam
981 3327 1037 3366 non
1065 3311 1093 3365 in
1120 3317 1199 3369 textu
1225 3313 1350 3381 ponitur.

197 3398 324 3452 Hermot.
343 3399 368 3451 7.
386 3396 473 3452 ταάτά
488 3417 521 3450 τι
538 3399 609 3452 εἴναι
627 3399 792 3453 coniectura
811 3401 854 3451 est
873 3396 990 3466 Seageri
1008 3398 1168 3453 Fritnschio
1187 3398 1350 3468 displicens.

269 3483 326 3539 Sed
344 3484 380 3539 de
398 3486 549 3540 Fritzschii
575 3486 700 3541 editione
724 3485 867 3540 hactenus.
903 3485 962 3540 Iam
981 3485 1142 3554 videamus,
1174 3486 1246 3540 alios
1270 3487 1349 3542 viros

197 3572 377 3627 doctissimos
395 3573 568 3642 meritosque
588 3573 694 3642 optime
713 3573 749 3628 de
767 3573 908 3643 scriptore
935 3577 1034 3629 nostro
1064 3573 1162 3644 quanti
1190 3571 1293 3630 fecerit
1315 3575 1349 3628 H.

197 3659 251 3724 oui
269 3663 430 3729 suspectum
448 3660 503 3715 sibi
521 3659 614 3714 videri
638 3661 708 3715 dicit
724 3659 800 3716 Adv.
818 3660 925 3715 indoct.
944 3662 968 3714 7.
988 3658 1002 3714 ὁ
1026 3660 1169 3729 Θερσίτης,
1195 3659 1272 3729 quod
1294 3660 1350 3715 iam

198 3746 457 3802 Sommerbrodtius
475 3747 505 3801 in
524 3747 649 3802 editione
666 3749 765 3817 priora
784 3753 813 3803 et
832 3747 938 3803 codicis
957 3747 1036 3802 Gorl.
1055 3745 1111 3801 fide
1130 3745 1219 3802 fretus
1236 3747 1349 3802 etBek-

198 3833 297 3888 lerum
325 3839 439 3888 secutus
467 3833 571 3888 omisit
617 3834 699 3899 Quod
725 3850 795 3890 vero
823 3836 890 3889 Luc.
917 3834 959 3888 32.
987 3834 1046 3903 legi
1075 3832 1139 3888 vult
1167 3831 1350 3895 άπολαιιτλσας

197 3920 267 3974 ἵεται
286 3917 386 3990 δρόμῳ,
410 3920 476 3975 inde
500 3920 592 3976 elucet
610 3937 673 3977 eum
691 3922 830 3977 Jacobitii
849 3921 1002 3976 editionem
1021 3935 1096 3975 anno
1115 3921 1184 3975 1872
1203 3935 1350 3977 excussam

197 4008 367 4076 neglexisse,
387 4023 460 4077 quae
478 4007 552 4062 hanc
570 4008 755 4066 Burmeisteri
773 4009 965 4064 coniecturam
983 4022 1140 4079 perversae
1156 4009 1237 4062 vocis
1255 4006 1350 4064 ἕπεται

197 4094 263 4149 loeo
292 4095 416 4152 exbibet.
460 4095 577 4151 Omnino
605 4101 700 4152 autem
725 4097 881 4152 Lucianum
911 4096 1062 4166 adgressus
1087 4094 1291 4150 emendandum
1316 4095 1351 4150 H.

198 4181 255 4236 alia
275 4181 400 4238 editione
418 4199 484 4238 usus
503 4199 567 4238 esse
583 4184 699 4240 videtur
710 4184 796 4252 nulla,
814 4183 868 4238 nisi
881 4199 1000 4252 quacum
1013 4199 1044 4240 se
1057 4182 1210 4239 contulisse
1222 4183 1349 4240 codicem
