2944 4574
697 257 737 321 17

613 345 822 356 ———-

678 499 762 580 ΙΙΙ.

228 671 333 736 Venio
351 690 435 737 nuno
456 670 500 736 ad
529 671 616 737 locos
638 673 806 738 nonnullos
828 671 874 737 ita
896 674 1067 756 corruptos,
1097 676 1133 736 ut
1153 672 1205 737 vel
1227 673 1290 738 sin-

139 776 218 858 gula
231 774 330 841 verba
350 776 419 841 sive
441 795 544 842 errore
565 777 634 842 sive
652 777 782 843 consilio
798 781 1075 861 transponerentur
1088 776 1140 841 vel
1154 779 1290 842 totorum

140 881 373 946 enuntiatorum
403 880 480 945 ordo
508 881 756 947 conturbaretur.
814 879 935 957 Quibus
964 880 1138 965 scripturae
1165 879 1291 946 mendis

141 984 276 1048 Luciani
308 983 405 1048 libros
433 984 563 1049 minime
597 1004 713 1050 vacare
746 985 834 1051 testis
868 991 916 1050 est
948 984 1140 1050 Fritzschius
1173 984 1290 1051 crebris

140 1087 217 1152 locis
251 1106 290 1152 ea
323 1087 395 1153 labe
424 1087 548 1154 infectis
578 1093 610 1153 et
637 1088 797 1173 impeditis
830 1088 957 1171 egregie
989 1086 1173 1154 medicatus.
1226 1086 1290 1165 Qui

142 1193 279 1256 Hermot.
313 1191 363 1255 15.
397 1189 468 1275 (iu.)
504 1188 542 1256 τὸ
578 1194 707 1276 πρῶτον
747 1201 831 1258 recte
864 1191 983 1258 remisit
1016 1197 1088 1276 post
1122 1186 1220 1254 ὁπότε
1258 1197 1291 1257 et

141 1295 255 1379 Navig.
278 1295 331 1360 26.
361 1294 488 1360 foedam
517 1315 585 1362 esse
607 1297 770 1382 perspexit
796 1295 939 1363 codicum
968 1294 1066 1380 dori,
1097 1296 1193 1362 Marc.
1223 1295 1290 1361 434

139 1400 306 1465 lectionem
334 1399 392 1462 τοῦ
421 1396 564 1464 πλούτου
586 1403 665 1483 πρὶν
687 1396 876 1464 ἀπολαῦσαι
906 1405 938 1467 et
967 1420 1037 1466 oum
1067 1399 1176 1465 codice
1202 1399 1288 1465 Flor.

140 1503 333 1586 vulgataque
355 1503 498 1588 editione
516 1503 711 1571 mutandam.
750 1505 818 1571 Nec
838 1524 903 1570 non
917 1502 1202 1570 Sommcrbrodtius
1224 1503 1289 1569 tale

139 1607 251 1672 vitium
273 1606 362 1693 (Luc.
389 1627 444 1692 pg.
463 1607 540 1693 118)
579 1609 633 1673 Bis
655 1627 760 1675 accus.
786 1609 838 1674 28.
862 1609 993 1692 agnovit
1014 1613 1047 1674 et
1066 1608 1158 1673 Rhet.
1182 1626 1287 1691 praec.

143 1711 195 1776 15.
226 1730 295 1776 oum
324 1711 392 1778 cod.
416 1713 514 1778 Marc.
543 1712 609 1778 434
642 1713 761 1798 optime
790 1713 931 1779 ordinem
959 1712 1126 1779 verborum
1155 1712 1289 1778 mutavit

139 1813 229 1900 (Luc.
252 1835 305 1900 pg.
333 1815 420 1902 149).

225 1919 290 1985 Sed
311 1939 353 1985 ne
374 1921 490 1987 multus
511 1921 587 1987 fiam
609 1922 743 1989 aliorum
765 1922 912 2007 exempla
933 1920 1109 2007 proferens,
1132 1921 1197 1988 iam
1215 1941 1289 1988 mea

139 2030 372 2109 expromuntur.

225 2128 311 2194 nuc.
337 2128 366 2193 l.
391 2129 486 2196 domo
502 2130 666 2215 Hypatam
687 2131 886 2214 migrantem,
902 2129 1088 2196 Thessaliae
1109 2130 1144 2194 in
1165 2129 1286 2215 urbem,

138 2239 247 2300 narrat
266 2234 427 2301 Luciacus
454 2253 489 2300 se
510 2236 694 2301 convenisse
715 2255 787 2302 cum
805 2234 985 2300 hominibus
1003 2233 1163 2300 nonnullis
1178 2235 1287 2319 Hypa-

136 2338 218 2404 taeis
255 2339 396 2424 ipsorum
428 2339 462 2404 in
502 2339 611 2404 urbem
651 2339 855 2407 redeuntibus
895 2357 1029 2422 cumque
1057 2338 1097 2404 iis
1134 2357 1199 2404 una
1228 2338 1288 2404 iter

136 2443 258 2508 fecisse.
303 2444 353 2509 Ab
375 2442 453 2508 urbe
475 2448 582 2508 autern
604 2463 675 2510 cum
704 2444 847 2528 proxime
869 2444 1029 2527 abessent,
1059 2462 1094 2508 se
1116 2442 1287 2510 Thessalos

136 2547 481 2632 illosinterrogavisse,
504 2543 545 2610 εἴ
562 2570 640 2611 που
662 2546 721 2634 (sic
741 2549 813 2630 lego
833 2567 905 2614 cum
920 2545 1146 2613 Herwerdenio
1161 2567 1215 2631 pg.
1233 2547 1284 2614 78.

137 2672 194 2736 pro
210 2648 317 2738 εἴπερ)
332 2653 526 2716 ἐπίστανται
542 2647 646 2737 ἄνδρα
661 2650 813 2715 οἰκοῦντα
836 2652 875 2726 ἐς
890 2645 1128 2726 τὰὝπατα,
1144 2644 1286 2736 Ἵππαρ-

136 2779 194 2836 χον
205 2750 349 2839 τοῦνομα
365 2802 373 2818 .
389 2754 565 2840 γράμματα
579 2755 614 2818 dd
631 2751 720 2838 αὐτῷ
735 2752 884 2837 ἐκόμιζον
899 2751 1042 2831 οἴκοθεν,
1058 2748 1142 2818 ὥστε
1157 2753 1286 2839 οἰκῆσαι

137 2861 211 2943 παρ’
234 2856 331 2943 αὐτῷ.
376 2860 482 2926 Verba
504 2861 535 2935 ἐς
557 2859 599 2924 τὰ
614 2855 748 2925 “Pauca
770 2879 865 2927 sensu
888 2880 1009 2944 carere,
1040 2879 1103 2943 quo
1131 2860 1202 2926 loco
1224 2865 1286 2926 tra·

137 2963 268 3047 duntur,
318 2965 388 3048 quis
422 2971 469 3030 est
509 2967 585 3049 quin
623 2965 812 3048 intellegat?
869 2962 959 3040 Quae
1003 2964 1171 3048 quominus
1215 2984 1286 3030 cum

137 3069 363 3135 Herwerdenio
390 3089 582 3155 expungam,
613 3090 650 3135 eo
673 3070 843 3155 impedior,
874 3067 1009 3152 quodsi
1033 3069 1103 3151 quis
1125 3069 1285 3152 corrigens

137 3193 176 3238 ea
197 3174 393 3258 inseruisset,
416 3175 452 3237 tv
474 3181 540 3250 τοῖς
559 3171 715 3251 Ὑπαίποις
736 3175 842 3260 potius
862 3173 1048 3258 scripsisset
1094 3172 1213 3239 Locum
1234 3191 1285 3239 su·

136 3277 241 3362 spicor
270 3297 309 3343 ea
337 3284 477 3345 mutasse
501 3280 663 3364 proprium
693 3286 724 3346 et
753 3285 825 3364 post
853 3298 964 3345 vocem
991 3273 1125 3340 οἴκοθεν
1147 3295 1217 3343 esso
1238 3297 1285 3344 re-

136 3381 294 3466 ponenda.
347 3383 535 3468 ,Epistulam
565 3384 648 3450 enim
677 3385 717 3459 ei,
736 3382 830 3448 domo
857 3382 1028 3448 afferebam
1056 3382 1220 3468 Hypatam
1251 3381 1287 3447 in

135 3487 260 3570 urbem,
283 3493 319 3552 ut
340 3486 427 3572 apud
450 3507 522 3554 eum
544 3487 746 3555 deversarer.²
935 3493 951 3547 .’

224 3591 324 3656 ltial.
359 3609 451 3658 mar.
489 3591 635 3660 v1111.
691 3593 859 3678 Neptunus
891 3591 1112 3678 delphinorum
1145 3592 1286 3658 animum

135 3695 271 3762 laudans
294 3714 371 3780 erga
384 3694 527 3762 homines
541 3698 743 3781 benevolum,
767 3698 822 3781 qui
836 3696 1005 3783 delphinus
1019 3697 1170 3762 Arionem
1184 3714 1285 3781 nuper

135 3801 283 3884 servavit,
313 3803 342 3866 ei
364 3799 458 3866 haec:
488 3802 544 3863 aot
572 3804 640 3878 νῦν,
668 3802 781 3886 inquit,
806 3799 847 3866 σὺ
868 3800 926 3867 τὸν
948 3797 1136 3885 κιθαρῳδὸν
1158 3801 1286 3864 τουτονὶ

135 3901 193 3966 τὸν
208 3905 244 3966 ἐκ
259 3903 445 3989 Μηθύμνης
460 3899 636 3989 ἀναλαβὼν
650 3902 782 3989 ἐξενήξω
798 3908 830 3981 ἐς
847 3911 1011 3990 Ταίναρον
1033 3899 1138 3992 αὐτῇ
1160 3907 1286 3992 σκενῇ

136 4010 207 4070 καὶ
233 4007 407 4096 κιθάρᾳ.
452 4011 526 4078 Non
555 4011 674 4076 habent
695 4011 794 4077 verba
822 4017 979 4095 extrema,
1008 4030 1070 4094 quo
1099 4009 1285 4094 referantur,

136 4130 207 4177 cum
230 4111 429 4198 ἐκνήχεοθαι
447 4115 578 4180 verbum
592 4114 634 4180 sit
647 4115 881 4182 intransitivum
896 4121 927 4181 et
941 4115 1142 4201 participium
1164 4110 1284 4177 ἀναλα-

135 4213 202 4300 βών
221 4217 348 4302 longius
363 4219 459 4304 absit,
483 4238 579 4302 quam
601 4239 736 4304 quocum
751 4219 832 4285 bene
846 4219 996 4303 coniungi
1009 4219 1140 4304 possint
1179 4217 1286 4297 Quare
1377 4252 1382 4253 f

1076 4339 1094 4393 3
