2944 4574
721 232 761 296 14

162 439 304 507 videm:
333 441 407 507 Pro
430 439 538 520 imag.
563 437 625 505 25:
660 439 883 528 θεοειδῆβὲ]
913 437 970 504 τὸν
1001 438 1122 524 Φρῦχα.
1151 446 1184 506 eb
1212 440 1310 506 Dial.

163 546 313 611 meruit.
330 544 371 610 Π
385 544 422 611 l:
446 543 591 628 ἑώρακας
607 543 664 609 τὸν
678 553 807 629 πατέρα
822 547 876 630 τῆς
891 544 1025 628 νύμφης,
1048 543 1093 609 τό
1105 545 1169 632 [τε]
1187 543 1325 629 πρόσω--

162 674 207 714 πο
227 645 347 715 ναῦτοῦ
367 644 481 715 occsa.
502 656 534 716 et
553 647 678 729 Scyth.
700 649 748 732 4.,
773 651 828 715 ubi
847 649 1053 725 Anarcharsis
1073 650 1212 714 Toxarin
1233 657 1313 735 orat,

164 760 198 820 ut
221 761 251 820 et
268 755 398 820 Athenis
420 762 452 822 et
473 760 540 820 tota
555 755 690 821 Graecia
712 773 794 836 quae
816 755 879 820 sint
893 755 963 820 visu
987 753 1099 838 digna,
1123 754 1315 822 demonstret

164 879 244 925 neve
266 879 301 926 sc
321 860 356 924 in
377 859 512 944 patriam
533 859 638 925 redire
659 861 799 944 patiatur
820 879 859 924 ea
880 879 944 924 non
967 861 1226 944 contemplatum:
1258 862 1314 921 καὶ

163 961 214 1048 μή
226 961 267 1049 [μ
276 963 302 1050 a]
322 963 464 1051 περιίδῃς
481 960 629 1028 ἀθέατον
641 959 748 1027 αὐτῶν
759 961 1022 1050 ἀναστρέψοντα.
1051 964 1099 1029 ‘Ut
1110 965 1173 1030 vit.
1187 970 1268 1030 auct.
1282 965 1313 1031 9.

168 1069 254 1151 quod
287 1068 570 1135 Sommerbrodtius
610 1069 700 1156 (Luc.
734 1089 808 1154 pag.
842 1068 917 1155 154)
951 1074 1023 1153 post
1056 1069 1243 1152 particulam
1277 1069 1315 1132 δέ

166 1173 321 1238 obiectum
343 1174 454 1239 inserit
468 1173 564 1239 valde
583 1173 794 1238 desideratum
810 1192 857 1249 σε,
881 1174 1022 1258 impense
1041 1174 1150 1258 probo.
1187 1171 1311 1239 Philo·

163 1277 261 1358 patr.
297 1275 351 1342 14.
389 1278 609 1361 corrigendum
643 1283 705 1343 est:
741 1271 841 1351 ὥστε,
876 1266 900 1340 ὦ
931 1281 1095 1360 Τριεφῦν,
1129 1275 1183 1340 διὰ
1217 1275 1313 1342 τοῦτό

168 1380 369 1469 [bawariis
391 1385 591 1465 προσθεῖναι
614 1384 688 1465 περί
710 1383 774 1444 τῶν
798 1383 933 1465 Μοιρῶν
956 1379 1115 1469 ἐθελήσῃς
1144 1389 1176 1448 et
1200 1381 1248 1446 ib.
1272 1380 1313 1447 32

166 1490 282 1570 βορέην
304 1481 379 1568 ὔρτι
408 1482 473 1548 ἀνὰ
495 1483 553 1569 την
576 1486 784 1567 Προποντίδα
807 1491 984 1569 κεκίνηκας,
1008 1483 1048 1561 ὥς
1071 1486 1126 1550 διὰ
1150 1484 1256 1549 κάλων
1278 1484 1316 1549 αἱ

166 1586 391 1676 ὃλκοίδες[ές]
417 1587 474 1653 τὸν
496 1583 649 1665 Εὔξεινον
670 1589 791 1654 πόντον
813 1589 1010 1674 οἰχήσονται.
1273 1575 1278 1584 ’

252 1696 319 1761 Nec
340 1714 413 1760 raro
436 1695 592 1780 particula
614 1691 655 1757 ἄν
677 1697 722 1760 itu
746 1695 872 1761 excidit.
911 1695 982 1772 Qua
1002 1695 1042 1760 de
1062 1715 1158 1762 causa
1176 1697 1315 1779 corrigas

167 1797 330 1880 PhilopS.
356 1798 418 1865 19:
444 1799 480 1862 εἶ’
496 1799 531 1861 δὲ
552 1798 596 1883 μὴ
619 1798 749 1880 χαλκοῦ,
773 1789 798 1861 ὦ
820 1793 993 1882 Εὔκρατες,
1017 1795 1101 1860 ἀλλὰ
1125 1795 1219 1873 ξύλον
1242 1801 1314 1861 έπε-

166 1908 292 1987 ποίητο,
315 1898 526 1991 οῦδὲν[ὔν]
552 1901 690 1967 ἐκώλυεν
714 1899 754 1996 ,οὔ
774 1907 955 1988 Δημητρίου
975 1902 1067 1988 ἔργον
1086 1896 1180 1965 εἶναι.
1218 1903 1315 1969 Cuius

166 2009 291 2091 generis
306 2009 393 2092 locis,
409 2010 463 2092 qui
479 2029 499 2073 a
514 2009 675 2093 Madvigio
692 2008 787 2096 (Adv.
804 2010 870 2075 crit.
888 2011 903 2074 I
918 2029 993 2094 pag.
1011 2007 1098 2094 702.)
1115 2007 1315 2092 colliguntur,

165 2113 224 2178 hos
246 2112 432 2196 adiungam:
469 2113 592 2194 Navig.
618 2112 671 2180 41.
695 2113 733 2178 τὸ
761 2109 1001 2199 ἅνιαρὸν1ι1ν]
1027 2114 1070 2175 ἐν
1092 2108 1202 2186 αὐτοῖς
1224 2101 1263 2196 ἦν
1284 2119 1315 2176 et

166 2217 217 2282 ib.
241 2215 297 2282 44.
321 2211 390 2281 οἷον
412 2218 448 2281 δέ
470 2207 760 2305 κᾶκεῐνο1ὔν]ἦν.
805 2218 979 2282 Lucianum
1000 2217 1084 2282 enim
1105 2217 1138 2281 in
1162 2215 1316 2282 eiusmodi

167 2322 337 2387 enuntiatis
360 2322 546 2406 particulam
570 2317 613 2384 ἄν
633 2324 729 2405 vulgo
751 2343 815 2388 non
837 2321 1085 2406 praetermisisse
1107 2341 1148 2386 ex
1169 2321 1316 2386 universa

168 2425 306 2491 Timolai
343 2427 484 2490 oratioue
518 2426 647 2512 (Navig.
677 2426 745 2512 44.)
779 2427 887 2492 videre
915 2428 998 2492 licet.
1055 2425 1223 2490 Hermai.
1255 2424 1314 2490 39.

165 2528 365 2595 scribendum
386 2535 477 2614 puto:
508 2526 720 2619 contemto]
751 2521 797 2615 ἦν
828 2533 883 2594 καὶ
906 2525 1018 2606 οὔτως,
1042 2525 1130 2603 ὅστις
1154 2524 1171 2591 ὅ
1193 2526 1235 2592 τὰ
1257 2531 1316 2592 τοῦ

165 2634 250 2697 θεοῦ
268 2629 479 2720 ὑφῃρημένος,
502 2636 569 2700 sive
588 2638 758 2702 retinemus
777 2636 907 2701 verbum
922 2623 961 2718 ἦν
975 2635 1042 2699 sive
1057 2654 1127 2699 cum
1142 2634 1316 2699 Fritzschio

167 2745 239 2822 post
261 2733 349 2813 ὅστις
371 2740 605 2824 transponimus
627 2741 695 2806 sive
717 2740 868 2806 delemus.
914 2740 971 2805 lb.
994 2737 1050 2804 bb.
1077 2739 1162 2822 lego:
1186 2741 1242 2802 καὶ
1264 2741 1315 2802 σοὶ

167 2837 284 2906 οὐδὲν
309 2837 389 2929 [ἂν]
416 2838 496 2905 etto
518 2881 561 2892 -
581 2840 687 2907 αἴτιον
707 2833 753 2929 ἦν.
799 2844 982 2911 Contrarias
1005 2863 1099 2928 error,
1122 2849 1158 2909 ut
1176 2849 1248 2928 post
1261 2862 1315 2908 vo-

168 2946 272 3012 culam
293 2942 335 3009 ῦν
356 2947 440 3013 duae
461 2949 584 3014 litterae
606 2950 830 3034 omitterentur,
853 2947 980 3035 irrepsit
998 2948 1101 3014 Patr.
1123 2965 1258 3014 encom.
1277 2946 1314 3012 2:

166 3051 201 3115 Si
226 3051 334 3135 nobis,
363 3052 466 3134 inquit
492 3059 617 3138 auctor,
645 3056 761 3139 eligere
788 3056 881 3120 liceat
907 3053 1081 3137 quamlibet
1107 3054 1230 3136 urbem,
1261 3053 1317 3116 vix

168 3156 335 3239 quisquam
359 3157 542 3242 posthabita
563 3159 640 3224 urbe
663 3161 766 3244 patria
790 3159 1013 3243 elegantiorem
1036 3157 1103 3226 sibi,
1119 3162 1223 3222 sumat
1245 3150 1313 3218 ἀλλ’

168 3254 297 3335 εὔξαιτο
320 3265 381 3343 μὲν
404 3257 446 3326 ἂν
468 3257 552 3327 εἶναι
584 3266 639 3328 καί
661 3262 719 3349 τὴν
748 3263 891 3348 πατρίδα
918 3270 989 3338 ταῖς
1017 3256 1186 3344 εὐδαίμοσι
1212 3281 1316 3344 παρα-

165 3353 318 3448 πλησίαν,
342 3363 452 3430 ἕλοιτο
468 3363 553 3433 δ’ὔν
574 3367 647 3453 την
669 3365 857 3435 ὁποιανοῦν.
894 3369 970 3434 Sine
985 3366 1081 3432 dubio
1097 3363 1316 3448 corrigendum

167 3463 239 3532 δ’ὔν
271 3463 399 3555 [archipr
426 3467 613 3538 ὁποιανοῦν.
671 3475 753 3540 Ver.
785 3474 875 3539 hist.
904 3472 947 3537 II
973 3471 1024 3536 27.
1057 3471 1102 3535 sic
1130 3467 1317 3534 mutandum

166 3592 236 3640 esse
247 3573 393 3639 arbitror:
406 3573 509 3660 χρόνῳ
521 3582 603 3640 ποτέ
614 3572 696 3662 ἥξεις
708 3579 752 3652 εἰς
763 3576 820 3662 την
830 3573 1016 3663 [ῦμ]οτέραν
1027 3570 1168 3660 ἤπειρον.
1191 3574 1317 3638 Etenim

166 3781 216 3837 Bis
229 3797 322 3838 accus.
339 3783 382 3838 20.
394 3784 543 3844 lectionem
555 3801 574 3841 a
586 3785 695 3842 (lobeto
715 3787 794 3853 (Ver.
806 3786 884 3841 Lect.
897 3800 945 3854 pg.
959 3784 1020 3851 163)
1032 3797 1088 3836 nna
1105 3778 1317 3836 consimilibus

167 3869 310 3922 inventam
339 3867 583 3941 [lvisoasoucpivpv
612 3877 642 3928 et
666 3872 924 3929 Sommcrbrodtius
953 3871 1030 3938 (Luc.
1060 3883 1125 3937 pag.
1151 3867 1212 3934 119)
1244 3865 1317 3921 bene

147 4021 151 4029 .
167 3955 291 4010 correxit
306 3955 409 4026 Navig.
426 3959 469 4013 44.
488 3957 639 4030 οὐδὲνγὰρ
659 3958 798 4030 [ἐήδεήτει
816 3977 871 4028 μοι.
906 3958 956 4012 Bis
975 3971 1067 4011 accus.
1085 3955 1128 4008 30.
1147 3954 1233 4008 ceteri
1252 3952 1318 4006 libri

167 4057 266 4096 verum
283 4040 399 4097 tradunt
416 4043 573 4116 [έν]έηραηε,
593 4064 654 4103 cum
667 4049 772 4103 trocula
791 4045 820 4100 ἐν
833 4047 860 4100 iu
873 4060 928 4100 uno
943 4043 1004 4098 cod.
1017 4043 1102 4097 Marc.
1115 4041 1166 4096 136
1179 4055 1318 4110 oppressa

168 4138 213 4192 sit,
240 4139 298 4194 vit,
317 4131 392 4183 auct.
410 4131 435 4186 9.
454 4132 509 4186 soli
528 4133 641 4191 codices
665 4135 788 4190 Floreat.
808 4139 837 4188 et
855 4132 945 4186 Paris.
973 4131 1006 4183 ll
1034 4129 1173 4198 integrum
1200 4129 1317 4182 servant

167 4223 399 4300 [ἐμηπηπχημενον.
434 4219 535 4277 Plures
553 4223 633 4279 locos
653 4236 818 4278 enumerare
836 4221 952 4288 longum
972 4221 1023 4272 est.
