2944 4574
241 1371 379 1468 linciani
402 1403 520 1487 scripta
542 1403 732 1486 quicumque
753 1404 831 1487 legit
853 1423 891 1470 ac
913 1405 1038 1490 relegit,
1069 1405 1228 1488 ingentem
1251 1405 1296 1470 in-

148 1514 235 1597 genii
255 1513 470 1598 eruditionem,
487 1513 635 1578 eximiam
651 1511 813 1578 doctrinae
829 1514 963 1599 copiam,
979 1515 1080 1580 salsas
1097 1515 1297 1596 urbanasque

149 1617 293 1702 facetias,
327 1617 461 1682 nitidam
490 1617 629 1702 prolecto
659 1637 698 1683 ac
720 1617 785 1683 fere
815 1619 942 1683 atticam
973 1619 1141 1685 dictionem
1171 1619 1298 1682 barbari

148 1721 284 1788 bominis
314 1743 375 1805 quc
406 1723 509 1806 magis
539 1721 712 1800 admiratur
732 1723 834 1805 iisque
855 1723 969 1788 iterum
991 1728 1087 1806 atque
1109 1723 1221 1787 iterum
1239 1723 1297 1797 ob·

147 1827 293 1911 lectatur,
324 1846 361 1891 eo
391 1827 605 1892 vehementius
634 1827 713 1892 haec
741 1828 859 1912 scripta
887 1847 951 1893 non
981 1832 1103 1893 tantum
1126 1848 1190 1892 non
1214 1827 1297 1892 omni
1340 1875 1344 1882 .

149 1950 189 1994 ex
212 1937 301 2015 parte
324 1931 449 2014 integra
471 1951 510 1996 ac
532 1931 655 1996 sincera
681 1929 737 1995 sed
761 1937 935 2016 temporum
958 1931 1182 2014 hominumque
1205 1932 1298 2016 culpa

148 2035 287 2100 maximo
304 2055 397 2120 opere
413 2034 581 2120 deturpata
595 2035 742 2118 vitiisque
757 2035 874 2101 infecta
891 2037 941 2101 vel
957 2036 1028 2101 aliis
1043 2036 1143 2119 iisque
1159 2036 1297 2120 priorum

148 2139 343 2204 saeculorum
359 2139 482 2224 scriptis
497 2139 723 2225 propemodum
740 2139 934 2225 corruptiore
949 2139 991 2205 ad
1007 2145 1146 2204 nostram
1162 2145 1298 2205 aetatem

147 2244 327 2327 pervenisse
351 2243 479 2310 dolebit.
519 2243 624 2322 Quare
647 2265 717 2310 cum
741 2251 836 2310 antea
857 2245 922 2309 iam
942 2243 1001 2310 viri
1024 2243 1123 2327 docti,
1147 2249 1298 2326 quantum

148 2355 306 2435 poterant,
330 2349 407 2415 vitia
423 2349 554 2414 Luciani
576 2348 692 2414 libellis
715 2350 853 2415 eximere
875 2354 906 2414 et
921 2350 1007 2416 locos
1029 2349 1212 2431 inquinatos
1227 2369 1298 2434 pur-

148 2439 225 2536 gare
247 2454 472 2536 intricatosque
493 2451 643 2538 expedire
661 2459 867 2538 conarentur,
890 2453 951 2518 hoc
972 2459 1079 2518 nostro
1102 2453 1299 2538 potissimum

147 2559 274 2623 saeculo
305 2549 411 2622 studia
440 2559 603 2624 Lucianea
632 2556 804 2624 admodum
834 2563 979 2643 promota
1008 2563 1082 2623 sunt
1112 2562 1144 2622 et
1166 2557 1299 2643 amplifi-

82 2677 90 2694 *
149 2667 221 2726 eata
243 2681 350 2726 eorum
372 2661 492 2746 labora·
515 2663 569 2744 qui
592 2669 623 2729 et
646 2683 802 2728 summam
824 2680 953 2746 operam
969 2681 1008 2727 ac
1023 2662 1220 2745 diligentiam
1242 2663 1299 2726 im·

148 2765 321 2851 penderent
354 2767 443 2832 libris
471 2788 567 2832 manu
598 2769 722 2853 scriptis
752 2767 988 2833 accuratissime
1021 2765 1216 2831 excutiendis
1246 2770 1301 2832 aut

148 2870 253 2936 adhuc
282 2872 408 2936 omnino
437 2872 553 2955 ignotis
583 2879 638 2938 aut
666 2873 751 2938 male
776 2871 899 2938 collatis
922 2877 953 2936 ct
974 2871 1115 2955 ipsorum
1136 2870 1300 2954 ingenium

149 2975 249 3040 secuti
271 2995 433 3060 perversos
454 2978 541 3042 locos
565 2977 630 3042 iam
653 2977 805 3062 plurimos
827 2995 867 3040 ex
891 2995 1030 3040 errorum
1053 2974 1300 3058 mendorumque
1337 3063 1344 3066 .

148 3079 285 3162 caligine
307 3081 463 3166 eriperent
485 3101 524 3147 ac
539 3082 700 3166 praeclare
721 3082 925 3147 illustrarent.
972 3078 1112 3157 Quorum
1134 3078 1239 3145 studio
1262 3099 1301 3144 ac

149 3184 288 3248 sollertia
310 3184 426 3250 laetum
449 3191 509 3270 est,
539 3193 573 3252 ut
595 3187 644 3252 his
663 3206 719 3252 sex
734 3185 842 3252 lustris
855 3205 959 3252 novae
972 3185 1006 3250 in
1021 3185 1123 3250 lucem
1139 3183 1301 3270 prodirent

149 3285 301 3354 editiones
335 3291 529 3374 Lucianeae,
565 3292 678 3373 quibus
713 3309 797 3374 quae
829 3291 947 3375 scripta
980 3288 1300 3374 comprehenduntur,

148 3393 269 3458 etiamsi
295 3431 337 3440 -
360 3395 394 3458 id
416 3395 502 3477 quod
524 3395 585 3479 ipsi
607 3395 745 3460 latentur
776 3393 977 3459 editores-
1000 3391 1141 3459 nondum
1173 3414 1300 3479 prorsus

147 3497 272 3580 integra
293 3497 454 3583 leguntur,
478 3504 584 3565 tamen
607 3499 724 3584 optime
746 3503 915 3583 procurata
937 3503 969 3564 et
990 3498 1134 3564 restituta
1149 3499 1213 3564 iam
1228 3516 1300 3563 auc-

147 3601 223 3666 toris
254 3602 370 3685 ubique
399 3603 561 3686 ingenium
590 3602 734 3671 redolent
764 3608 795 3668 et
816 3603 990 3668 maximum
1019 3601 1118 3668 animi
1148 3601 1301 3687 praebent

147 3705 420 3772 oblectamentum.
559 3701 562 3716 '

236 3810 304 3875 lam
334 3830 408 3875 vero
438 3810 465 3874 si
492 3828 551 3893 ego
580 3830 719 3897 quoque,
749 3830 956 3893 quaecunque
978 3809 1144 3875 observavi
1166 3811 1299 3876 Luciani

148 3914 265 3999 scripta
295 3919 326 3978 et
355 3915 494 3998 genuina
516 3921 547 3980 et
569 3914 709 3981 eiusdem
739 3916 866 3980 nomine
895 3913 1047 3997 insignita
1073 3914 1202 3980 assidue
1232 3934 1300 4000 per-

148 4024 286 4084 tractans
309 4025 582 4105 cupersanum,
613 4020 731 4105 publici
760 4020 836 4085 iuris
863 4017 983 4103 secero,
1014 4018 1171 4104 permulta
1194 4039 1301 4084 eorum

148 4121 215 4186 lore
237 4123 308 4188 non
323 4125 444 4208 nescio,
475 4145 557 4208 quae
579 4146 600 4190 a
622 4125 697 4190 viris
720 4125 820 4189 doctis
851 4130 908 4200 aut
928 4123 1031 4190 minus
1053 4122 1223 4208 probentur
1246 4129 1302 4188 aut

148 4246 275 4312 prorsus
295 4227 472 4294 reiciantur.
504 4228 597 4305 Quod
616 4230 644 4294 si
664 4228 791 4294 omnino
807 4227 928 4309 aliquid
944 4228 1104 4293 contulero
1127 4226 1169 4291 ad
1190 4227 1310 4306 Lucia·

1092 4347 1107 4399 1

1218 4477 1239 4510 a
