2944 4574
730 257 769 321 18

173 460 427 528 Hemsterhusius
449 467 521 546 post
538 463 669 529 verbum
691 459 823 546 ἐξενήξω
845 461 1044 548 participium
1067 467 1175 545 φέρων
1196 461 1321 546 ἱοίοοίἐ;

174 565 364 632 Fritzschius
391 573 497 632 autem
525 566 613 632 libris
645 567 768 632 diffisus
789 567 934 633 omuibus
961 564 1049 649 (nam
1078 565 1164 648 quod
1191 566 1224 630 in
1253 567 1322 632 solo

173 668 275 736 Vatia
289 670 330 734 87
354 670 487 754 legimus
503 672 672 754 ἐξενηξαις,
689 671 756 736 sius
771 671 882 736 ultima
896 671 1023 755 syllaba
1037 675 1184 755 corrupta
1198 670 1323 737 ridetur

175 792 215 839 ex
245 797 269 836 ω
300 779 451 857 sequente
480 776 594 840 vocula
624 774 670 858 ἐς)
701 794 741 840 ex
770 773 920 841 Herodot.
950 775 1041 840 123.
1070 774 1123 840 24.
1154 775 1323 858 assumpsit

175 873 351 960 ἐξήνεγκας.
391 877 484 955 Quod
505 885 612 944 autem
633 880 735 945 altera
756 879 848 945 huius
871 878 991 962 dialogi
1013 877 1214 963 paragrapho
1237 877 1323 943 idem

173 982 303 1048 verbum
326 980 520 1066 ἐξενηξάμην
541 983 718 1049 invenimus
734 981 774 1049 de
789 982 901 1049 eadem
914 1002 949 1048 re
963 970 1158 1067 usurpatum,
1181 988 1323 1048 nostrum

174 1086 277 1153 locum
301 1105 340 1152 ex
362 1085 423 1152 hoc
444 1086 593 1153 inferiore
614 1087 838 1172 interpolatum
857 1105 926 1152 esse
945 1086 1123 1152 arbitratur.
1161 1086 1203 1151 At
1217 1107 1323 1153 noune

173 1191 316 1258 Luciano
337 1192 440 1275 magis
455 1191 565 1257 confisi
580 1191 817 1270 emendabimus
832 1191 1009 1258 Lucianum
1027 1210 1122 1274 quam
1136 1189 1322 1256 Herodoto?

174 1295 229 1361 Bis
243 1294 329 1361 idem
343 1295 474 1361 verbum
489 1295 516 1361 si
530 1295 675 1362 videmus
691 1293 731 1360 de
746 1293 859 1361 eadem
873 1313 908 1360 re
922 1294 1050 1378 dictum,
1069 1313 1174 1360 nonne
1189 1296 1322 1360 alterum

174 1399 280 1484 potius
302 1398 343 1464 ab
365 1399 464 1466 altero
487 1399 655 1484 stabilitur,
678 1419 774 1482 quam
796 1399 829 1464 in
851 1399 1061 1484 suspicionem
1080 1397 1232 1464 vocatur?
1275 1398 1323 1464 Ac

175 1503 254 1569 nihil
276 1503 418 1588 profecto
439 1503 554 1588 obstat,
578 1503 654 1586 quin
678 1503 764 1589 prius
786 1500 919 1588 ἐξενήξω
942 1502 1121 1589 retineatur.
1163 1504 1322 1587 Transpo-

175 1614 292 1674 uantur
303 1614 444 1674 extrema
455 1609 512 1674 illa
523 1608 621 1676 verba
632 1603 714 1694 αήνή
728 1609 825 1694 σκευή
837 1608 894 1670 καὶ
905 1605 1034 1694 κιθάρᾳ
1049 1613 1124 1673 ante
1138 1602 1322 1690 ἀναλαβών,

176 1711 326 1797 expedita
348 1711 424 1778 fluet
447 1712 564 1778 oratio:
594 1714 644 1797 ,Et
666 1732 750 1778 nuuc
772 1717 806 1777 tu
828 1709 1043 1777 citharoedum
1065 1710 1324 1794 Methymnaeam

175 1831 247 1883 cum
269 1822 382 1882 ornatu
404 1817 498 1882 simul
521 1823 552 1882 et
574 1817 696 1882 cithara
717 1815 890 1899 suscipiens
912 1813 1028 1880 umeris
1051 1815 1185 1879 enatasti
1214 1815 1293 1898 sqq!

263 1918 358 1996 Quod
387 1939 462 1986 vero
495 1919 580 1986 hune
611 1920 716 1987 locum
744 1918 967 1986 emendaturus
996 1917 1188 1984 Fritzschius
1220 1937 1324 2003 aequo

174 2025 246 2111 plus
263 2024 372 2089 tribuit
387 2023 582 2090 auctoritatis
597 2024 772 2110 Herodoto,
796 2042 892 2090 causa
905 2021 984 2089 mihi
998 2029 1046 2090 est
1061 2022 1102 2089 de
1115 2023 1181 2090 alia
1195 2022 1325 2092 huiusce

175 2127 296 2211 dialogi
326 2126 547 2194 emendatione
576 2129 617 2194 ab
647 2128 761 2194 eodem
787 2128 950 2213 proposita
977 2127 1029 2193 hic
1049 2128 1148 2194 rerba
1175 2127 1323 2194 faciendi.

113 2237 115 2242 ’
175 2230 238 2308 Qui
261 2248 337 2312 cap.
363 2231 396 2296 2.
428 2232 526 2298 rerba
548 2235 604 2296 acl
626 2231 744 2295 ἔπεσεν
765 2233 798 2305 ἐς
820 2229 878 2314 τήν
899 2228 1082 2294 θάλασσαν
1109 2249 1149 2295 ex
1171 2230 1323 2297 Herodot.

176 2337 192 2401 1
214 2336 266 2402 24.
291 2336 443 2402 convertit
463 2336 498 2400 in
520 2359 549 2397 κ.
573 2333 781 2419 ἐπήδησεν
802 2336 834 2411 ἐς
856 2358 884 2398 ν.
908 2337 946 2398 θ.
991 2333 1063 2413 Qua
1091 2335 1125 2400 in
1146 2335 1325 2403 coniectura

175 2439 230 2506 vix
253 2439 419 2522 quisquam
442 2438 594 2524 haereret,
625 2439 687 2505 nisi
717 2445 752 2506 ut
778 2440 941 2525 suprasio
962 2439 1112 2506 hocloco
1134 2446 1325 2524 repugnaret

175 2542 328 2609 Herodoti
358 2543 536 2609 auctoritati
564 2543 734 2610 auctoritas
762 2543 904 2629 Luciani,
928 2537 991 2626 'qui
1019 2541 1104 2608 Dial.
1127 2562 1205 2610 mar.
1229 2542 1277 2607 IX
1294 2543 1323 2609 1.

176 2650 251 2714 Inus
273 2652 390 2713 sortem
411 2667 658 2714 commemorans
681 2647 730 2714 his
750 2648 853 2713 verbis
869 2647 979 2714 utitur:
1003 2647 1058 2710 nal
1073 2647 1266 2728 ἐμπεσεῖται
1281 2683 1324 2694 -

176 2753 208 2827 ἐς
230 2748 268 2814 τὸ
290 2749 438 2834 πέλαγος.
476 2749 570 2818 Unde
583 2756 725 2818 nostrum
747 2770 872 2834 quoque
893 2751 926 2816 in
949 2753 1053 2818 locum
1074 2751 1246 2836 receperim
1261 2752 1324 2814 ,καὶ

178 2852 357 2943 [salmosa
379 2856 411 2930 ἐς
432 2877 460 2917 τ.
484 2856 521 2919 θ.
571 2853 725 2922 Voculam
748 2857 783 2919 ἐν
811 2855 895 2920 enim
924 2856 1028 2921 verbis
1056 2855 1232 2940 praefixam
1254 2873 1323 2939 pcr-

176 2977 272 3044 saepe
294 2979 315 3025 a
336 2958 472 3025 librariis
495 2959 631 3045 opprimi
652 2978 750 3046 supra
770 2959 864 3026 docui
886 2966 967 3045 part.
991 2962 1023 3026 Il
1046 2981 1099 3046 pg.
1119 2961 1169 3026 13.
1192 2959 1267 3026 adn.
1291 2961 1322 3026 2.

263 3063 463 3130 Icaromen.
486 3064 523 3141 Ι2.
546 3066 580 3131 in
602 3065 743 3151 Menippi
765 3066 869 3132 verbis
891 3065 1084 3149 interrogati,
1112 3062 1268 3147 quomodo
1290 3064 1325 3130 in

176 3168 298 3235 coelum
327 3167 514 3235 escenderit:
547 3164 632 3252 ἀτὰρ
663 3164 758 3234 οὐδὲν
785 3169 898 3254 ἐδέησέ
924 3192 981 3252 μοι
1010 3165 1090 3252 πρὸς
1119 3164 1177 3250 τήν
1206 3163 1324 3232 ἄνοδον

177 3267 252 3338 οὔτε
273 3274 328 3358 τῆς
351 3271 505 3357 κλίμακος
527 3267 604 3338 οὔτε
625 3271 765 3338 παιδικὰ
788 3277 945 3356 γενέσθαι
967 3273 1038 3338 τοῦ
1055 3267 1152 3336 ἀετοῦ
1175 3271 1325 3339 articulus

176 3377 234 3440 τοῦ
255 3377 325 3442 loco
347 3397 405 3444 suo
427 3383 530 3444 motus
553 3396 622 3446 esse
644 3377 770 3447 videtur
791 3378 1054 3464 reponendusque
1079 3383 1154 3442 ante
1174 3373 1323 3451 παιδικά,

176 3481 231 3548 ubi
253 3481 385 3547 articulo
408 3483 480 3548 voci
503 3481 657 3564 κλίμακος
679 3483 853 3567 praemisso
875 3483 993 3566 optime
1015 3480 1193 3566 respondet.

188 3621 191 3625 -
263 3584 316 3650 Ile
340 3584 494 3650 sacrific.
519 3587 552 3651 ὅ.
576 3585 618 3652 de
639 3586 781 3652 liberisa
803 3587 879 3651 Iove
900 3585 1071 3670 procreatis
1093 3603 1227 3651 narrans
1246 3584 1326 3652 haec

177 3689 254 3757 dicit
275 3693 384 3757 auctor
404 3689 446 3756 de
464 3690 606 3756 Baccho:
630 3687 687 3754 τὸν
708 3694 769 3772 μὲν
791 3686 851 3773 γὰρ
866 3687 1024 3754 Διόνυσον
1045 3685 1187 3775 ήμιτελή,
1211 3692 1323 3771 φασίν,

177 3794 213 3856 ἐκ
228 3795 283 3877 οής
296 3791 414 3879 μητρὸς
433 3791 496 3858 ἔτι
518 3799 675 3878 καομένης
691 3791 845 3879 ἁρπάσας
867 3796 903 3859 ἐν
923 3796 968 3877 τῷ
982 3796 1072 3880 μηρῷ
1095 3799 1202 3876 φέρων
1224 3790 1324 3856 κανώ-

178 3900 251 3982 ρνξε
272 3916 341 3981 sqq.
385 3899 545 3965 Particula
567 3896 625 3973 ἔτι,
648 3917 710 3982 quo
732 3919 816 3965 nunc
837 3899 951 3983 legitur
972 3899 1051 3982 loco,
1076 3896 1235 3983 superflua
1251 3903 1325 3963 ante

177 3997 310 4087 ήμινεέή
332 4007 564 4088 transponatur.

267 4104 470 4172 chariton.
497 4107 532 4173 6.
558 4108 646 4174 abuti
679 4125 823 4176 sermone
855 4106 932 4174 dicit
961 4105 1054 4173 Philo
1081 4125 1167 4190 eum,
1201 4104 1325 4189 quide

179 4210 303 4296 exiguis
317 4210 494 4296 vilibusque
515 4211 609 4280 rebus
631 4215 764 4298 loquens
787 4212 828 4278 de
842 4211 1075 4297 pulchritudine
1089 4215 1202 4278 taceat.
1225 4205 1326 4295 ήπῶς
