2944 4574
717 224 737 288 5

242 431 294 497 Ilo
325 430 449 498 saltat.
482 431 531 498 11.
588 433 762 499 Exordium
794 433 934 501 adfertur
967 432 1140 498 carminum
1173 433 1301 500 alterius

153 537 234 605 inter
256 536 437 603 saltandum
461 537 674 622 recitatorum,
698 537 784 622 quod
807 538 1014 604 didascaliam
1038 537 1203 622 complecti
1225 537 1302 603 dicit

152 645 276 726 auctor,
307 641 464 723 quomodo
487 642 684 708 saltandum:
722 640 838 727 Πόρρω
860 641 937 726 γάρ,
971 645 1088 725 φασίν,
1123 630 1147 704 ὦ
1176 641 1299 717 παῖδες,

153 742 240 808 πόδα
262 743 430 828 μετάβατε
451 748 507 809 καί
530 744 701 828 κωμάξατε
727 745 865 830 βέλτιον.
920 750 987 812 Iam
1018 765 1101 829 quae
1130 752 1302 829 sequuntur

152 847 320 936 τουτὲφτιυ
335 844 469 930 ἄμεινον
484 847 684 936 ὀρχήσασθε,
699 853 862 937 interpreti
877 853 1014 918 tribuere
1029 857 1060 918 et
1075 851 1107 915 in
1126 851 1300 935 marginem

152 953 294 1037 relegare
323 975 386 1020 non
415 955 634 1022 dubitaverim.
680 956 736 1021 Iu.
761 953 814 1026 37.
861 957 1027 1022 Mimorum
1057 955 1209 1022 materiae
1231 973 1301 1021 cum

153 1064 371 1125 enumerentur
392 1058 467 1126 inde
490 1081 510 1126 a
531 1061 653 1127 chaotis
675 1068 815 1146 tempore
838 1060 881 1126 ad
896 1061 1097 1145 Cleopatram
1117 1079 1217 1143 usque
1232 1059 1301 1125 des·

153 1161 335 1228 tendentes:
370 1159 519 1246 Οὐρανοῦ
542 1162 653 1249 τομήν,
680 1159 861 1248 Ἀφροδίτης
883 1162 987 1247 γονάς,
1000 1162 1164 1228 -Τιτάνων
1184 1161 1301 1247 μάχην,

152 1264 226 1342 Διὸς
239 1265 395 1351 γέννησιν,
414 1265 502 1343 Ῥέας
518 1264 657 1352 άπάτην,
681 1268 797 1332 λίόου
813 1265 1023 1353 ὑποβολήν,
1046 1265 1170 1353 Κρόνου
1185 1266 1302 1350 δεσμά,

152 1368 210 1434 τόν
229 1373 295 1435 τῶν
316 1373 414 1455 τριῶν
436 1367 588 1456 ἀδελφῶν
610 1372 737 1457 κλῆρον,
761 1411 802 1422 -
825 1373 904 1439 illud
927 1371 1025 1436 λίθου
1048 1368 1214 1457 ὑποβολήν
1236 1393 1302 1438 sus-

151 1481 277 1561 pectum
299 1475 437 1562 videtur,
468 1479 616 1560 quoniam
646 1483 771 1563 praetor
790 1475 877 1553 Ῥέας
900 1473 1030 1562 ἀπάτην
1051 1479 1131 1544 nulli
1152 1478 1303 1543 materiae

152 1580 263 1645 similis
291 1581 420 1648 additur
449 1582 618 1666 explicatio
648 1583 818 1667 superflua.
865 1582 922 1647 lb.
947 1582 1004 1648 63.
1051 1583 1157 1649 Verba
1186 1580 1245 1667 τήν
1267 1604 1303 1646 τε

148 1680 333 1768 Ἀφροδίτην
355 1688 410 1749 καί
432 1683 490 1749 τόν
504 1681 576 1771 Ἄρη
606 1686 793 1770 languidum
823 1685 964 1753 efficiunt
991 1689 1303 1772 interpretamentum

151 1790 238 1856 vocis
260 1785 472 1874 ἀμφοτέρους,
502 1811 566 1873 qua
588 1792 642 1874 qui
664 1792 758 1857 ambo
781 1791 979 1875 denotantur,
1010 1811 1081 1858 cum
1104 1811 1122 1858 e
1143 1791 1304 1878 superiore
1395 1844 1399 1852 .

151 1913 243 1960 versu
265 1891 338 1978 (τὴν
356 1890 538 1979 Ἀφροδίτης
560 1898 615 1959 καλ
631 1891 736 1981 ’Ἄρεος
749 1900 914 1978 μοιχείαν)
929 1902 995 1962 tum
1011 1916 1051 1964 ex
1067 1897 1214 1974 univmsa
1233 1915 1302 1960 sen-

152 1998 250 2064 tentia
271 1999 504 2084 intelleguntur.
550 2003 682 2066 Prorsus
705 2000 816 2067 eadem
840 2002 928 2085 origo
951 2002 1048 2068 leuse
1069 2001 1193 2067 videtur
1216 1999 1302 2066 Phi·

151 2101 242 2184 lopS.
261 2103 295 2168 4.
317 2105 481 2171 verborum
499 2094 597 2190 οὗπερ
612 2101 760 2186 μάλιστα
783 2101 912 2168 δέονται
934 2102 1014 2190 πρὸς
1035 2102 1109 2180 τοὺς
1128 2101 1302 2185 ἀκροατάς,

151 2229 235 2292 quae¹
255 2211 448 2294 explicantia
470 2231 578 2277 vocem
602 2205 849 2293 ἐπαγωγότατον
865 2208 1000 2295 'illepide
1030 2208 1205 2275 adsuuntur
1230 2209 1304 2274 huic

152 2315 340 2380 sententiae:
368 2311 444 2377 Ἀλλ’
472 2313 585 2396 οἱμὲν
606 2318 803 2397 ποιηταί-
827 2310 1010 2398 συγγνώμης
1032 2311 1221 2397 τυγχάνοιεν
1251 2308 1302 2389 ἄν,

152 2418 184 2480 οἱ
208 2423 269 2500 μὲν
298 2416 335 2482 τὸ
366 2421 402 2481 ἐκ
428 2421 486 2483 τοῦ
515 2417 628 2502 μόθου
658 2417 797 2504 τερπνόν
827 2417 1073 2503 ἐπαγωγότατον
1103 2413 1140 2482 όν
1170 2421 1302 2502 ἐγκατα-

150 2527 314 2605 μίγνοντες
335 2525 374 2610 τῇ
396 2526 512 2611 γραφῇ.
551 2524 701 2590 Damon.
718 2522 767 2589 17.
791 2524 845 2588 ubi
867 2529 1013 2589 narratur
1035 2524 1203 2590 Demonax
1227 2543 1303 2590 anu·

151 2628 214 2693 lum
237 2627 395 2694 invenisse
416 2636 448 2693 et
470 2628 665 2710 quaesivisse
687 2625 745 2692 τὸυ
767 2624 989 2704 ἀπολέσαντα,
1019 2628 1066 2695 εἰσ
1088 2630 1303 2694 continuatam

150 2733 178 2796 si
206 2732 296 2798 vides
325 2733 499 2800 orationem
521 2727 610 2807 ὅστις
635 2729 681 2816 εἴη
704 2733 762 2796 τοῦ
785 2730 959 2796 δακτυλίου
982 2730 1154 2816 δεσπότης,
1185 2733 1304 2819 perspi·

151 2837 238 2902 cisne
271 2838 453 2903 correctoris
488 2838 618 2903 nimiam
652 2836 865 2904 industriam?
922 2837 1031 2903 Risum
1061 2843 1166 2903 autern
1201 2846 1306 2904 movet

150 2942 302 3008 mirabilis
325 2942 413 3008 scioli
442 2942 621 3027 interpretis
653 2963 757 3008 rerum
791 2941 929 3026 cognitio
960 2960 999 3008 ac
1027 2941 1198 3027 sapientia,
1232 2962 1302 3008 cum

151 3046 285 3112 Toxar.
303 3044 353 3110 17.
370 3047 544 3112 sententiae
563 3042 726 3129 άπάγοοσι
748 3043 828 3129 πρὸς
842 3043 899 3110 τὸν
915 3041 1082 3130 ἁρμοστήν
1102 3046 1305 3132 adscripserit

150 3149 184 3227 ὃς
207 3145 327 3236 ἥρμοζε
349 3149 407 3237 τὴν
425 3148 532 3216 Ἀσίαν
554 3149 638 3214 τότε.
677 3153 744 3220 Neu
758 3152 862 3218 minus
877 3151 1010 3217 molesta
1026 3158 1099 3216 sunt
1114 3151 1302 3217 Prometh.

149 3255 186 3321 ln
209 3258 308 3322 verb.
326 3254 359 3322 4.
383 3253 443 3340 την
464 3252 611 3340 κάμηλον
632 3259 688 3320 καλ
711 3254 768 3321 τὸν
789 3254 962 3342 ἡμίλευκον
984 3252 1165 3337 ἄνθρωπον
1187 3258 1304 3342 vixque

20 3393 21 3444 η
148 3361 210 3446 ipsi
231 3360 371 3426 Luciano
395 3359 551 3427 debenda.
602 3361 646 3427 Ut
668 3362 776 3454 paullo
798 3360 929 3427 inferius
958 3359 1015 3425 τὸυ
1039 3357 1218 3446 ἄνθρωπον
1239 3363 1303 3428 iam

22 3551 23 3556 η
148 3464 334 3532 Lehmanno
349 3471 380 3532 et
396 3467 468 3532 aliis
483 3467 625 3552 spurium
637 3467 738 3532 visum
755 3471 803 3532 est
814 3472 846 3532 et
856 3466 898 3532 ab
910 3466 1016 3532 aliena
1031 3486 1127 3532 manu
1142 3467 1302 3533 insertum

237 3569 378 3650 Nigrim.
400 3570 433 3636 3.
468 3571 627 3638 Lucianus
642 3572 809 3656 Nigrinum
830 3571 940 3638 divina
959 3571 1024 3638 fere
1047 3571 1144 3638 fuisse
1166 3571 1305 3637 affirmat

148 3675 343 3760 eloquentia,
374 3670 458 3740 ὥστε
489 3673 548 3751 τὰς
569 3678 725 3761 Σειρῆνας
749 3678 887 3774 ἐκείνας,
912 3673 953 3738 εἴ
971 3699 1083 3749 τινες
1110 3670 1191 3756 ἄρα
1219 3677 1303 3758 ἐγέ-

148 3802 271 3844 νοντο
305 3782 360 3844 καλ
390 3779 449 3856 τὰς
478 3779 662 3865 Κηληδόνας
692 3783 748 3844 καί
778 3778 836 3845 τὸν
869 3778 1006 3865 Ὁμήρου
1036 3777 1138 3843 λωτὸν
1168 3776 1305 3866 ἀρχαῖον

149 3880 333 3961 όποόεῒξαι.
379 3885 464 3963 Quid
494 3885 620 3951 tandem
650 3885 692 3952 ad
715 3906 781 3954 rem
803 3881 838 3948 εἴ
855 3909 939 3960 τινες
962 3880 1028 3969 ἄρα
1051 3884 1220 3967 aperuero?
1264 3887 1305 3950 At

149 3988 235 4056 dicat
250 3992 367 4073 aliquis
382 3990 524 4058 indicare
538 3990 676 4057 voluisse
690 3991 864 4057 Lucianum
888 4010 922 4056 sc
938 3990 1076 4076 exempli
1091 3991 1197 4074 gratia
1216 3991 1304 4056 fabu-

149 4094 234 4161 losas
263 4114 313 4162 res
343 4094 519 4164 adsciscere
549 4133 591 4144 —
623 4102 659 4163 ut
687 4095 814 4181 saepius
844 4095 1007 4161 Sirenibus
1039 4094 1154 4179 utitur,
1185 4094 1226 4160 cf.
1256 4094 1306 4159 De

154 4199 258 4265 saltat.
281 4201 313 4266 3.
337 4207 368 4266 et
390 4202 421 4266 4.
445 4202 614 4286 -ipsum
638 4219 712 4267 vero
736 4200 966 4285 superstitionis
990 4200 1123 4266 vinculis
1146 4217 1210 4265 non
1240 4198 1303 4264 iam
