2944 4574
705 241 746 308 21

151 451 212 518 sibi
234 450 412 536 persuadet.
457 451 547 517 Idem
562 471 635 518 vero
658 458 762 517 utrum
784 455 869 518 reete
891 451 998 516 deleat
1012 448 1112 516 verba
1133 446 1172 513 τὸ
1189 455 1305 532 φαγεῖν

151 555 227 637 ἔχει,
251 577 367 640 annon,
390 577 447 641 pro
470 563 553 622 certo
576 556 764 622 contendere
786 576 850 622 non
873 555 987 640 ausim.
1030 557 1118 639 Lego
1140 555 1236 638 igitur
1258 555 1303 620 lo-

152 680 239 725 cum:
271 656 289 722 ri
311 657 371 743 γὰρ
390 651 759 746 'Eulaeum-aime,
783 655 801 744 ἢ
825 655 913 735 ὅστις
935 667 1017 722 ποτέ
1038 661 1128 723 ἐστιν
1150 655 1167 723 ὅ
1192 657 1303 741 σοφός,

152 758 221 846 ήτοι
245 770 361 845 φαγεῖν
390 762 454 845 ἔχει
476 759 496 849 ή
519 759 557 828 od
573 789 580 804 ·
597 765 627 828 εἰ
647 771 707 848 μὲν
730 755 800 828 οὗν
823 761 882 830 οὐκ
905 763 980 846 ἔχει,
1011 760 1069 846 οὐχ
1097 758 1181 839 ὅπως
1204 758 1302 848 ήδέως

153 863 221 930 ἀλλ’
245 861 320 930 οὐδὲ
343 863 471 951 ζήσεται
488 892 495 907 ·
512 869 542 932 εἰ
556 869 591 932 δὲ
614 868 688 951 ἔχει,
713 867 778 933 εἴτε
793 871 867 950 παρ’
887 869 1004 933 ἑαυτοῦ
1028 865 1094 932 εἴτε
1109 868 1184 949 παρ’
1204 863 1304 930 ἀλλον

153 969 349 1055 ζήσεται·
367 971 397 1034 εἰ
417 977 478 1054 μὲν
500 962 557 1036 οὗν
579 975 653 1058 παρ’
679 969 779 1037 ἀλλον
804 971 853 1061 [τὸ
869 981 987 1056 φαγεῖν
1009 971 1098 1060 ἔχειή,
1122 970 1304 1056 παράσιτός

153 1077 301 1139 ἐστικαὶ
324 1072 381 1158 οὐχ
404 1074 437 1152 ὃς
459 1075 552 1160 λέγει.
576 1115 619 1126 --
641 1081 679 1142 In
700 1078 764 1144 fine
794 1083 900 1145 autem
930 1077 1071 1144 eiusdem
1101 1077 1213 1161 capitis
1239 1077 1304 1141 iam

153 1180 349 1264 Hirschigius
375 1183 504 1268 invenit,
536 1182 621 1265 quod
643 1181 720 1247 mihi
748 1183 872 1265 quoque
897 1183 1026 1268 placuit,
1049 1188 1085 1248 ut
1109 1183 1208 1248 verba
1231 1175 1304 1244 οὔτε

154 1282 320 1366 οἰκονόμος
349 1291 639 1371 transponerentur,
681 1288 742 1352 nisi
778 1285 864 1369 quod
893 1305 932 1352 ea
959 1291 1034 1352 ante
1066 1304 1175 1352 vocem
1214 1287 1303 1349 ἐστιν

155 1389 309 1455 collocata
331 1391 438 1456 malim
461 1410 558 1472 quam
579 1398 651 1476 post
673 1389 862 1475 χαλεπήναι.

241 1491 286 1558 Ut
300 1513 444 1577 quaeque
459 1515 523 1559 vox
537 1495 722 1579 saepissime
738 1495 958 1580 usurpabatur,
974 1495 1019 1560 ita
1034 1493 1183 1560 facillime
1197 1491 1303 1575 fiebat,
1358 1537 1362 1546 -

155 1602 189 1662 ut
209 1596 333 1663 deloco
349 1618 405 1663 suo
422 1599 580 1682 migraret.
611 1599 717 1664 Veluti
738 1599 895 1682 particula
916 1603 975 1660 καί
994 1616 1090 1682 saepe
1111 1598 1304 1681 transposita

155 1706 296 1785 apparet,
320 1722 416 1784 quam
437 1703 599 1788 proprium
620 1703 654 1767 in
676 1703 779 1767 locum
794 1702 968 1768 rectissime
981 1702 1125 1767 ridemus
1140 1701 1302 1766 remissam

153 1824 174 1869 a
201 1805 466 1872 Sommerbrodtio
500 1806 590 1892 (Luc.
620 1827 674 1891 pg.
711 1806 768 1871 111
801 1812 833 1872 et
862 1805 939 1891 113)
996 1807 1079 1871 Tim.
1112 1804 1162 1870 15.
1193 1810 1225 1870 et
1250 1805 1303 1869 43.

155 1910 224 1974 Huc
246 1910 322 1975 mihi
345 1911 473 1993 quidem
495 1909 528 1976 hi
550 1911 611 1976 loci
632 1911 789 1995 pertinere
811 1910 969 1976 videntur.
1015 1909 1100 1974 Luc.
1125 1908 1181 1976 25.
1219 1911 1305 1973 Inter

153 2013 292 2080 latrones
314 2013 458 2080 deserte
479 2015 611 2098 virginis
633 2021 746 2099 captae
768 2021 800 2080 et
821 2015 912 2097 asini,
944 2015 998 2096 qui
1020 2014 1194 2098 fugientem
1215 2013 1304 2077 illam

154 2119 339 2202 sublevavit,
363 2118 574 2185 deliberantes
597 2137 678 2184 unus
693 2119 777 2185 hanc
799 2118 860 2184 fert
879 2119 1084 2184 sententiam:
1107 2119 1224 2182 τοῦτον
1246 2115 1303 2204 (sc.

154 2221 291 2308 usinum)
314 2210 371 2287 οὗν
394 2224 500 2287 ἕωθέν
524 2219 773 2306 ἀποσφάξαντες
797 2217 1012 2305 ἀνατέμωμεν
1035 2224 1070 2284 έκ
1091 2224 1145 2307 τῆς
1167 2218 1304 2304 γαστρὸς

156 2327 226 2389 καὶ
254 2325 296 2390 τὰ
323 2331 384 2409 μέν
407 2325 526 2410 ἔγκατα
548 2326 659 2402 πάντα
682 2326 744 2402 ἔξω
767 2325 928 2410 βάλωμεν,
955 2324 1013 2411 τήν
1035 2326 1070 2389 dd
1092 2323 1151 2408 τήν
1173 2321 1305 2409 ἀγαθήν

153 2429 274 2516 ταύτην
316 2433 486 2515 παρθένον
529 2431 573 2514 τῷ
611 2427 674 2514 ὄνφ
709 2433 981 2514 έγκατοικέσωμεν
1013 2451 1083 2515 sqq.
1148 2431 1304 2499 Nimirum

153 2536 340 2620 legendum:
365 2532 577 2619 ἀνατέμωμεν
599 2538 668 2600 καὶ
688 2538 724 2598 ἐκ
747 2538 801 2619 τής
823 2533 1017 2619 γαστρὸς-
1032 2534 1193 2619 βάλωμεν,
1230 2555 1306 2600 nam

154 2640 231 2723 quid
255 2637 450 2723 ἀνατέμνων
471 2643 515 2704 dx
537 2643 591 2726 τῆς
613 2638 773 2726 γαστρὸςλ
815 2639 992 2706 Dicendum
1015 2645 1084 2706 erat
1111 2635 1305 2722 ἀνατέμνων

153 2742 211 2828 τήν
238 2751 395 2830 γαστέρα,
425 2751 460 2810 ut
487 2745 621 2828 legimus
651 2745 735 2810 Dial.
759 2743 844 2810 deor.
869 2746 918 2810 IX
941 2746 978 2811 2:
1010 2741 1217 2827 ἀνατεμόντα
1247 2740 1304 2826 τήν
1419 2788 1423 2798 .

156 2856 308 2934 γαστέρα.
355 2850 551 2916 Vocabulum
580 2857 685 2915 autem
715 2848 787 2924 ἔξω
816 2850 914 2916 verbo
943 2847 1095 2934 βάλωμεν
1125 2848 1305 2933 adpositum

155 2972 196 3018 ex
216 2952 415 3020 inferioribus
436 2954 541 3020 verbis
564 2952 628 3029 ἔξω
652 2954 709 3017 τοῦ
732 2947 939 3019 decanatum
962 2972 1032 3019 esse
1052 2952 1158 3019 nescio
1181 2971 1223 3017 an
1238 2970 1304 3018 sus-

154 3059 249 3143 picer.
300 3057 424 3126 Amor.
460 3058 513 3124 13.
569 3060 686 3127 Narrat
719 3064 829 3124 auctor
863 3077 897 3125 sc
929 3057 963 3134 in
996 3057 1148 3142 templum
1180 3056 1306 3122 venisse

155 3162 285 3229 Veneris
304 3163 452 3230 Gnidiae:
476 3159 494 3249 ή
510 3168 571 3246 μὲν
586 3149 642 3228 οὗν
656 3161 737 3237 θεὸς
751 3164 787 3227 έν
801 3169 890 3246 μέσφ
906 3162 1162 3246 καθίδρυται-
1178 3165 1305 3244 Παρίας

155 3266 191 3330 δὲ
213 3265 311 3331 λίθον
334 3266 499 3350 δαίδαλμα
515 3266 690 3332 κάλλιστον
705 3305 747 3316 —-
762 3262 1039 3351 ὑπερήφανον
1060 3266 1130 3328 καὶ
1152 3261 1304 3349 σεσήρότι

154 3370 266 3455 γέλωτι
287 3369 404 3456 μικρὸν
425 3356 729 3454 ἀπομειδιῶσα.
774 3371 855 3436 (ium
877 3370 1029 3435 feminina
1050 3369 1151 3435 forma
1173 3364 1304 3450 ὑπομει-

155 3475 258 3540 ordea
280 3476 364 3543 male
386 3478 530 3561 congruit
552 3482 662 3542 neutra
684 3476 785 3541 forma
807 3471 1027 3559 ὑπερήφανον.
1070 3473 1173 3550 Quam
1196 3491 1305 3540 vocem

155 3581 251 3646 etiam
281 3580 308 3645 si
330 3580 472 3646 adverbii
501 3581 570 3647 loeo
593 3580 636 3646 ad
657 3582 788 3646 verbum
811 3578 1010 3663 καθίδρυται
1032 3579 1187 3644 relatums
1209 3595 1303 3660 esses,

155 3705 230 3750 usus
252 3686 435 3770 postularet,
464 3690 500 3750 ut
520 3680 726 3769 inspicerem
755 3686 859 3770 potius
881 3684 1072 3750 adiectivum
1094 3681 1303 3746 adhiberetur.

156 3788 282 3873 Optime
292 3795 398 3856 autem
409 3783 824 3874 baapp'pavovconiungr‘tur
835 3809 906 3856 cum
914 3787 1105 3873 superlativo
1114 3782 1304 3861 κάλλιστον,·

156 3913 220 3975 qua
249 3893 290 3959 de
319 3913 415 3960 causa
443 3896 499 3956 καὶ
529 3900 603 3959 ante
631 3887 840 3978 ὑπερήφανον
867 3891 1049 3979 ponendum
1080 3898 1111 3955 et
1137 3896 1305 3970 utrumque

154 3998 238 4063 intra
259 3999 461 4084 parenthesin
483 3996 675 4064 reiciendum
698 4017 819 4064 censeo.
873 3994 1068 4064 Alexandr.
1095 3994 1156 4062 30.
1200 3995 1304 4058 Homo

155 4103 316 4168 Romanus
332 4103 561 4186 superstitionis
586 4102 698 4187 plenus
716 4103 845 4185 negotia
869 4100 1042 4167 domestica
1072 4099 1178 4165 omnia
1203 4116 1305 4182 paene

156 4207 303 4292 deseruit,
333 4215 368 4273 ut
389 4207 638 4274 Abonoteichum
670 4207 829 4291 profectus
862 4204 1036 4271 Alexandri
1070 4203 1303 4270 fraudulentum
