<?xml version="1.0" encoding="UTF-8"?>
<!DOCTYPE html PUBLIC "-//W3C//DTD XHTML 1.0 Transitional//EN"
    "http://www.w3.org/TR/xhtml1/DTD/xhtml1-transitional.dtd">
<html xmlns="http://www.w3.org/1999/xhtml" xml:lang="en" lang="en">
 <head>
  <title>
</title>
<meta http-equiv="Content-Type" content="text/html;charset=utf-8" />
  <meta name='ocr-system' content='tesseract 3.04.00' />
  <meta name='ocr-capabilities' content='ocr_page ocr_carea ocr_par ocr_line ocrx_word'/>
</head>
<body>
  <div class='ocr_page' id='page_1' title='image "./observationescr00paetgoog_0013.png"; bbox 0 0 2944 4574; ppageno 0'>
   <div class='ocr_carea' id='block_1_1' title="bbox 180 247 1336 1792">
    <p class='ocr_par' dir='ltr' id='par_1_1' title="bbox 180 247 1336 1792">
     <span class='ocr_line' id='line_1_1' title="bbox 653 247 767 342; baseline 0.009 -32"><span class='ocrx_word' id='word_1_1' title='bbox 653 335 712 342; x_wconf 27' lang='lat'><strong>*-</strong></span> <span class='ocrx_word' id='word_1_2' title='bbox 747 247 767 311; x_wconf 90' lang='grc'><strong>6</strong></span> 
     </span>
     <span class='ocr_line' id='line_1_2' title="bbox 183 447 1333 526; baseline 0.01 -12"><span class='ocrx_word' id='word_1_3' title='bbox 183 447 292 514; x_wconf 88' lang='lat' dir='ltr'><strong>teneri.</strong></span> <span class='ocrx_word' id='word_1_4' title='bbox 335 447 419 526; x_wconf 79' lang='lat' dir='ltr'><strong>outo</strong></span> <span class='ocrx_word' id='word_1_5' title='bbox 434 469 539 516; x_wconf 93' lang='lat' dir='ltr'><strong>nonne</strong></span> <span class='ocrx_word' id='word_1_6' title='bbox 554 458 620 518; x_wconf 90' lang='lat' dir='ltr'><strong>tum</strong></span> <span class='ocrx_word' id='word_1_7' title='bbox 635 451 720 519; x_wconf 91' lang='lat' dir='ltr'><strong>idem</strong></span> <span class='ocrx_word' id='word_1_8' title='bbox 740 453 781 519; x_wconf 94' lang='lat' dir='ltr'><strong>de</strong></span> <span class='ocrx_word' id='word_1_9' title='bbox 800 454 1009 522; x_wconf 84' lang='lat' dir='ltr'><strong>Oeledonibus</strong></span> <span class='ocrx_word' id='word_1_10' title='bbox 1024 463 1055 524; x_wconf 90' lang='lat' dir='ltr'><strong>et</strong></span> <span class='ocrx_word' id='word_1_11' title='bbox 1070 456 1111 523; x_wconf 91' lang='lat' dir='ltr'><strong>de</strong></span> <span class='ocrx_word' id='word_1_12' title='bbox 1124 459 1253 525; x_wconf 78' lang='lat' dir='ltr'><strong>Homeri</strong></span> <span class='ocrx_word' id='word_1_13' title='bbox 1268 460 1333 525; x_wconf 92' lang='lat' dir='ltr'><strong>loto</strong></span> 
     </span>
     <span class='ocr_line' id='line_1_3' title="bbox 183 553 1333 644; baseline 0.011 -28"><span class='ocrx_word' id='word_1_14' title='bbox 183 553 381 636; x_wconf 78' lang='lat' dir='ltr'>professurus</span> <span class='ocrx_word' id='word_1_15' title='bbox 403 555 490 621; x_wconf 89' lang='lat' dir='ltr'><strong>illam</strong></span> <span class='ocrx_word' id='word_1_16' title='bbox 513 557 702 623; x_wconf 79' lang='lat' dir='ltr'><strong>sententiam</strong></span> <span class='ocrx_word' id='word_1_17' title='bbox 722 558 756 622; x_wconf 94' lang='lat' dir='ltr'><strong>in</strong></span> <span class='ocrx_word' id='word_1_18' title='bbox 783 559 847 624; x_wconf 83' lang='lat' dir='ltr'><strong>fine&#39;</strong></span> <span class='ocrx_word' id='word_1_19' title='bbox 867 559 989 644; x_wconf 92' lang='lat' dir='ltr'><strong>periodi</strong></span> <span class='ocrx_word' id='word_1_20' title='bbox 1020 561 1228 627; x_wconf 79' lang='lat' dir='ltr'><strong>collocasset?</strong></span> <span class='ocrx_word' id='word_1_21' title='bbox 1282 565 1333 629; x_wconf 90' lang='lat' dir='ltr'><strong>In-</strong></span> 
     </span>
     <span class='ocr_line' id='line_1_4' title="bbox 182 659 1334 751; baseline 0.01 -30"><span class='ocrx_word' id='word_1_22' title='bbox 182 663 301 743; x_wconf 88' lang='lat' dir='ltr'><strong>terpres</strong></span> <span class='ocrx_word' id='word_1_23' title='bbox 313 659 417 742; x_wconf 89' lang='lat' dir='ltr'><strong>potius</strong></span> <span class='ocrx_word' id='word_1_24' title='bbox 429 660 625 743; x_wconf 79' lang='lat' dir='ltr'><strong>pereruditus</strong></span> <span class='ocrx_word' id='word_1_25' title='bbox 636 661 719 727; x_wconf 90' lang='lat' dir='ltr'><strong>hano</strong></span> <span class='ocrx_word' id='word_1_26' title='bbox 729 669 836 728; x_wconf 86' lang='lat' dir='ltr'><strong>nolam</strong></span> <span class='ocrx_word' id='word_1_27' title='bbox 849 665 984 747; x_wconf 89' lang='lat' dir='ltr'><strong>margini</strong></span> <span class='ocrx_word' id='word_1_28' title='bbox 992 661 1334 751; x_wconf 79' lang='lat' dir='ltr'><strong>adscripsitposuitque</strong></span> 
     </span>
     <span class='ocr_line' id='line_1_5' title="bbox 181 761 1332 853; baseline 0.011 -28"><span class='ocrx_word' id='word_1_29' title='bbox 181 761 216 825; x_wconf 94' lang='lat' dir='ltr'><strong>in</strong></span> <span class='ocrx_word' id='word_1_30' title='bbox 237 766 326 826; x_wconf 84' lang='lat' dir='ltr'><strong>textu</strong></span> <span class='ocrx_word' id='word_1_31' title='bbox 348 769 503 830; x_wconf 89' lang='lat' dir='ltr'><strong>oorreotor</strong></span> <span class='ocrx_word' id='word_1_32' title='bbox 524 765 585 831; x_wconf 89' lang='lat' dir='ltr'><strong>hoe</strong></span> <span class='ocrx_word' id='word_1_33' title='bbox 606 766 675 850; x_wconf 89' lang='lat' dir='ltr'><strong>ipso</strong></span> <span class='ocrx_word' id='word_1_34' title='bbox 702 767 830 833; x_wconf 92' lang='lat' dir='ltr'><strong>nomine</strong></span> <span class='ocrx_word' id='word_1_35' title='bbox 852 769 930 833; x_wconf 88' lang='lat' dir='ltr'><strong>satis</strong></span> <span class='ocrx_word' id='word_1_36' title='bbox 952 768 1112 853; x_wconf 67' lang='lat' dir='ltr'><strong>indignus:</strong></span> <span class='ocrx_word' id='word_1_37' title='bbox 1158 769 1249 839; x_wconf 65' lang='lat' dir='ltr'><strong>(tall.</strong></span> <span class='ocrx_word' id='word_1_38' title='bbox 1274 771 1332 838; x_wconf 72' lang='lat'><strong>26.</strong></span> 
     </span>
     <span class='ocr_line' id='line_1_6' title="bbox 182 860 1332 959; baseline 0.014 -33"><span class='ocrx_word' id='word_1_39' title='bbox 182 865 239 927; x_wconf 79' lang='grc' dir='ltr'><strong>τοῦ</strong></span> <span class='ocrx_word' id='word_1_40' title='bbox 272 860 450 950; x_wconf 74' lang='grc' dir='ltr'><strong><em>ὑποκριτοῦ</em></strong></span> <span class='ocrx_word' id='word_1_41' title='bbox 483 875 663 954; x_wconf 82' lang='lat' dir='ltr'><strong>suspectum</strong></span> <span class='ocrx_word' id='word_1_42' title='bbox 696 876 743 935; x_wconf 92' lang='lat' dir='ltr'><strong>est</strong></span> <span class='ocrx_word' id='word_1_43' title='bbox 783 877 815 936; x_wconf 92' lang='lat' dir='ltr'><strong>et</strong></span> <span class='ocrx_word' id='word_1_44' title='bbox 847 873 1045 955; x_wconf 79' lang='lat' dir='ltr'><strong>glossematis</strong></span> <span class='ocrx_word' id='word_1_45' title='bbox 1085 876 1222 959; x_wconf 85' lang='lat' dir='ltr'><strong>speeiem</strong></span> <span class='ocrx_word' id='word_1_46' title='bbox 1262 876 1332 941; x_wconf 86' lang='lat' dir='ltr'><strong>fert.</strong></span> 
     </span>
     <span class='ocr_line' id='line_1_7' title="bbox 183 967 1331 1061; baseline 0.01 -29"><span class='ocrx_word' id='word_1_47' title='bbox 183 969 338 1049; x_wconf 81' lang='lat' dir='ltr'><strong>Imagin.</strong></span> <span class='ocrx_word' id='word_1_48' title='bbox 356 972 391 1035; x_wconf 80' lang='lat'><strong>6.</strong></span> <span class='ocrx_word' id='word_1_49' title='bbox 430 972 485 1055; x_wconf 74' lang='grc' dir='ltr'><strong>τῆς</strong></span> <span class='ocrx_word' id='word_1_50' title='bbox 506 967 632 1056; x_wconf 78' lang='grc' dir='ltr'><strong><em>ἡλικίας</em></strong></span> <span class='ocrx_word' id='word_1_51' title='bbox 655 973 691 1035; x_wconf 83' lang='grc' dir='ltr'><strong>δὲ</strong></span> <span class='ocrx_word' id='word_1_52' title='bbox 705 971 743 1037; x_wconf 80' lang='grc' dir='ltr'><strong>τὸ</strong></span> <span class='ocrx_word' id='word_1_53' title='bbox 756 981 885 1058; x_wconf 81' lang='grc' dir='ltr'><strong><em>μέτρον,</em></strong></span> <span class='ocrx_word' id='word_1_54' title='bbox 908 971 1054 1060; x_wconf 74' lang='grc' dir='ltr'><strong><em>ἡλίκον</em></strong></span> <span class='ocrx_word' id='word_1_55' title='bbox 1077 973 1126 1041; x_wconf 74' lang='grc' dir='ltr'><strong><em>δν</em></strong></span> <span class='ocrx_word' id='word_1_56' title='bbox 1147 987 1331 1061; x_wconf 78' lang='grc' dir='ltr'><strong><em>γένοιτο,</em></strong></span> 
     </span>
     <span class='ocr_line' id='line_1_8' title="bbox 182 1071 1333 1167; baseline 0.01 -31"><span class='ocrx_word' id='word_1_57' title='bbox 182 1072 267 1137; x_wconf 83' lang='grc' dir='ltr'><strong><em>κατὰ</em></strong></span> <span class='ocrx_word' id='word_1_58' title='bbox 290 1071 348 1158; x_wconf 83' lang='grc' dir='ltr'><strong><em>την</em></strong></span> <span class='ocrx_word' id='word_1_59' title='bbox 370 1075 406 1137; x_wconf 78' lang='grc' dir='ltr'><strong><em>ἐν</em></strong></span> <span class='ocrx_word' id='word_1_60' title='bbox 427 1075 531 1158; x_wconf 79' lang='grc' dir='ltr'><strong><em>Κνίδῳ</em></strong></span> <span class='ocrx_word' id='word_1_61' title='bbox 554 1096 623 1160; x_wconf 92' lang='lat' dir='ltr'><strong>sqq.</strong></span> <span class='ocrx_word' id='word_1_62' title='bbox 675 1078 841 1144; x_wconf 88' lang='lat' dir='ltr'><strong>Molestam</strong></span> <span class='ocrx_word' id='word_1_63' title='bbox 871 1079 1012 1146; x_wconf 87' lang='lat' dir='ltr'><strong>eiusdem</strong></span> <span class='ocrx_word' id='word_1_64' title='bbox 1040 1083 1086 1146; x_wconf 89' lang='lat' dir='ltr'><strong>rei</strong></span> <span class='ocrx_word' id='word_1_65' title='bbox 1114 1084 1333 1167; x_wconf 87' lang='lat' dir='ltr'><strong>repetitionem</strong></span> 
     </span>
     <span class='ocr_line' id='line_1_9' title="bbox 180 1179 1330 1273; baseline 0.006 -29"><span class='ocrx_word' id='word_1_66' title='bbox 180 1179 226 1244; x_wconf 90' lang='lat' dir='ltr'><strong>ita</strong></span> <span class='ocrx_word' id='word_1_67' title='bbox 255 1179 365 1244; x_wconf 90' lang='lat' dir='ltr'><strong>tollere</strong></span> <span class='ocrx_word' id='word_1_68' title='bbox 394 1186 524 1247; x_wconf 81' lang='lat' dir='ltr'><strong>conatus</strong></span> <span class='ocrx_word' id='word_1_69' title='bbox 554 1188 602 1246; x_wconf 89' lang='lat' dir='ltr'><strong>est</strong></span> <span class='ocrx_word' id='word_1_70' title='bbox 623 1181 804 1266; x_wconf 81' lang='lat' dir='ltr'><strong>Madvigius</strong></span> <span class='ocrx_word' id='word_1_71' title='bbox 831 1182 976 1269; x_wconf 85' lang='lat' dir='ltr'><strong>(Advers.</strong></span> <span class='ocrx_word' id='word_1_72' title='bbox 1009 1187 1075 1251; x_wconf 92' lang='lat' dir='ltr'><strong>orit.</strong></span> <span class='ocrx_word' id='word_1_73' title='bbox 1100 1188 1115 1251; x_wconf 94' lang='lat' dir='ltr'>I</span> <span class='ocrx_word' id='word_1_74' title='bbox 1144 1207 1219 1273; x_wconf 90' lang='lat' dir='ltr'><strong>pag.</strong></span> <span class='ocrx_word' id='word_1_75' title='bbox 1243 1187 1330 1273; x_wconf 83' lang='lat'><strong>692),</strong></span> 
     </span>
     <span class='ocr_line' id='line_1_10' title="bbox 181 1279 1332 1373; baseline 0.01 -27"><span class='ocrx_word' id='word_1_76' title='bbox 181 1289 217 1347; x_wconf 95' lang='lat' dir='ltr'><strong>ut</strong></span> <span class='ocrx_word' id='word_1_77' title='bbox 245 1302 322 1350; x_wconf 88' lang='lat' dir='ltr'><strong>vooe</strong></span> <span class='ocrx_word' id='word_1_78' title='bbox 344 1279 453 1368; x_wconf 76' lang='grc' dir='ltr'><strong><em>ἡλίκον</em></strong></span> <span class='ocrx_word' id='word_1_79' title='bbox 474 1285 508 1350; x_wconf 92' lang='lat' dir='ltr'><strong>in</strong></span> <span class='ocrx_word' id='word_1_80' title='bbox 530 1283 665 1368; x_wconf 78' lang='grc' dir='ltr'><strong><em>πηλίκον</em></strong></span> <span class='ocrx_word' id='word_1_81' title='bbox 695 1292 816 1352; x_wconf 90' lang='lat' dir='ltr'><strong>mutata</strong></span> <span class='ocrx_word' id='word_1_82' title='bbox 845 1293 917 1372; x_wconf 91' lang='lat' dir='ltr'><strong>post</strong></span> <span class='ocrx_word' id='word_1_83' title='bbox 942 1289 1072 1355; x_wconf 91' lang='lat' dir='ltr'><strong>verbum</strong></span> <span class='ocrx_word' id='word_1_84' title='bbox 1094 1297 1217 1373; x_wconf 76' lang='grc' dir='ltr'><strong><em>γένοιτο</em></strong></span> <span class='ocrx_word' id='word_1_85' title='bbox 1238 1291 1332 1356; x_wconf 88' lang='lat' dir='ltr'><strong>inter-</strong></span> 
     </span>
     <span class='ocr_line' id='line_1_11' title="bbox 181 1388 1332 1476; baseline 0.008 -24"><span class='ocrx_word' id='word_1_86' title='bbox 181 1388 355 1470; x_wconf 81' lang='lat' dir='ltr'><strong>rogationis</strong></span> <span class='ocrx_word' id='word_1_87' title='bbox 377 1388 503 1471; x_wconf 89' lang='lat' dir='ltr'><strong>signum</strong></span> <span class='ocrx_word' id='word_1_88' title='bbox 526 1395 686 1455; x_wconf 86' lang='lat' dir='ltr'><strong>statueret.</strong></span> <span class='ocrx_word' id='word_1_89' title='bbox 736 1391 874 1456; x_wconf 81' lang='lat' dir='ltr'><strong>Attalis</strong></span> <span class='ocrx_word' id='word_1_90' title='bbox 903 1394 1158 1476; x_wconf 86' lang='lat' dir='ltr'><strong>interrogationis</strong></span> <span class='ocrx_word' id='word_1_91' title='bbox 1188 1395 1239 1461; x_wconf 87' lang='lat' dir='ltr'><strong>hio</strong></span> <span class='ocrx_word' id='word_1_92' title='bbox 1267 1415 1332 1461; x_wconf 90' lang='lat' dir='ltr'><strong>non</strong></span> 
     </span>
     <span class='ocr_line' id='line_1_12' title="bbox 180 1491 1333 1580; baseline 0.007 -24"><span class='ocrx_word' id='word_1_93' title='bbox 180 1493 268 1558; x_wconf 90' lang='lat' dir='ltr'><strong>loous</strong></span> <span class='ocrx_word' id='word_1_94' title='bbox 291 1499 354 1576; x_wconf 82' lang='lat' dir='ltr'><strong>est3</strong></span> <span class='ocrx_word' id='word_1_95' title='bbox 377 1491 535 1559; x_wconf 89' lang='lat' dir='ltr'><strong>infioetam</strong></span> <span class='ocrx_word' id='word_1_96' title='bbox 559 1496 768 1580; x_wconf 89' lang='lat' dir='ltr'><strong>paraphrasin</strong></span> <span class='ocrx_word' id='word_1_97' title='bbox 782 1497 949 1563; x_wconf 86' lang='lat' dir='ltr'><strong>verborum</strong></span> <span class='ocrx_word' id='word_1_98' title='bbox 964 1498 1214 1564; x_wconf 79' lang='lat' dir='ltr'><strong>antecedentium</strong></span> <span class='ocrx_word' id='word_1_99' title='bbox 1229 1500 1333 1566; x_wconf 86' lang='lat' dir='ltr'><strong>inesse</strong></span> 
     </span>
     <span class='ocr_line' id='line_1_13' title="bbox 182 1593 1331 1687; baseline 0.004 -25"><span class='ocrx_word' id='word_1_100' title='bbox 182 1602 258 1682; x_wconf 93' lang='lat' dir='ltr'><strong>puto</strong></span> <span class='ocrx_word' id='word_1_101' title='bbox 288 1597 392 1663; x_wconf 85' lang='lat' dir='ltr'><strong>verbis</strong></span> <span class='ocrx_word' id='word_1_102' title='bbox 423 1593 533 1683; x_wconf 76' lang='grc' dir='ltr'><strong><em>ἡλίκον</em></strong></span> <span class='ocrx_word' id='word_1_103' title='bbox 564 1593 606 1662; x_wconf 76' lang='lat' dir='ltr'><strong>dn</strong></span> <span class='ocrx_word' id='word_1_104' title='bbox 627 1606 765 1682; x_wconf 80' lang='grc' dir='ltr'><strong><em>γένοιτο,</em></strong></span> <span class='ocrx_word' id='word_1_105' title='bbox 796 1621 892 1684; x_wconf 93' lang='lat' dir='ltr'><strong>quam</strong></span> <span class='ocrx_word' id='word_1_106' title='bbox 921 1602 1093 1668; x_wconf 91' lang='lat' dir='ltr'><strong>remiserim</strong></span> <span class='ocrx_word' id='word_1_107' title='bbox 1123 1603 1207 1669; x_wconf 92' lang='lat' dir='ltr'><strong>unde</strong></span> <span class='ocrx_word' id='word_1_108' title='bbox 1236 1605 1331 1687; x_wconf 87' lang='lat' dir='ltr'><strong>venit,</strong></span> 
     </span>
     <span class='ocr_line' id='line_1_14' title="bbox 180 1701 1336 1792; baseline 0.003 -26"><span class='ocrx_word' id='word_1_109' title='bbox 180 1703 214 1766; x_wconf 94' lang='lat' dir='ltr'><strong>in</strong></span> <span class='ocrx_word' id='word_1_110' title='bbox 236 1703 421 1786; x_wconf 90' lang='lat' dir='ltr'><strong>marginem.</strong></span> <span class='ocrx_word' id='word_1_111' title='bbox 465 1701 588 1768; x_wconf 84' lang='lat' dir='ltr'><strong>Eadem</strong></span> <span class='ocrx_word' id='word_1_112' title='bbox 611 1708 716 1769; x_wconf 91' lang='lat' dir='ltr'><strong>autem</strong></span> <span class='ocrx_word' id='word_1_113' title='bbox 739 1710 822 1770; x_wconf 90' lang='lat' dir='ltr'><strong>sorte</strong></span> <span class='ocrx_word' id='word_1_114' title='bbox 844 1705 976 1788; x_wconf 90' lang='lat' dir='ltr'><strong>dignum</strong></span> <span class='ocrx_word' id='word_1_115' title='bbox 999 1714 1046 1770; x_wconf 91' lang='lat' dir='ltr'><strong>est</strong></span> <span class='ocrx_word' id='word_1_116' title='bbox 1073 1708 1202 1772; x_wconf 85' lang='lat' dir='ltr'><strong>verbum</strong></span> <span class='ocrx_word' id='word_1_117' title='bbox 1232 1703 1336 1792; x_wconf 77' lang='grc' dir='ltr'><strong><em>ὑγράν</em></strong></span> 
     </span>
    </p>
   </div>
   <div class='ocr_carea' id='block_1_2' title="bbox 180 1905 1336 4297">
    <p class='ocr_par' dir='ltr' id='par_1_2' title="bbox 180 1905 1333 2832">
     <span class='ocr_line' id='line_1_15' title="bbox 180 1905 1332 1998; baseline 0.002 -23"><span class='ocrx_word' id='word_1_118' title='bbox 180 1906 310 1994; x_wconf 73' lang='grc' dir='ltr'><strong><em>ὑγρὰν</em></strong></span> <span class='ocrx_word' id='word_1_119' title='bbox 332 1912 411 1973; x_wconf 73' lang='grc' dir='ltr'><strong><em>καθ’</em></strong></span> <span class='ocrx_word' id='word_1_120' title='bbox 435 1905 552 1986; x_wconf 73' lang='grc' dir='ltr'><strong><em>ὕδατος</em></strong></span> <span class='ocrx_word' id='word_1_121' title='bbox 574 1907 679 1995; x_wconf 83' lang='grc' dir='ltr'><strong><em>εἴληχε</em></strong></span> <span class='ocrx_word' id='word_1_122' title='bbox 701 1910 789 1997; x_wconf 78' lang='grc' dir='ltr'><strong><em>λῆξιν</em></strong></span> <span class='ocrx_word' id='word_1_123' title='bbox 812 1910 865 1998; x_wconf 83' lang='lat' dir='ltr'><strong>(of.</strong></span> <span class='ocrx_word' id='word_1_124' title='bbox 884 1913 1041 1996; x_wconf 82' lang='lat' dir='ltr'><strong>Haloyon.</strong></span> <span class='ocrx_word' id='word_1_125' title='bbox 1067 1918 1103 1979; x_wconf 91' lang='lat'><strong>1:</strong></span> <span class='ocrx_word' id='word_1_126' title='bbox 1131 1909 1249 1997; x_wconf 73' lang='grc' dir='ltr'><strong><em>ἄφωνα</em></strong></span> <span class='ocrx_word' id='word_1_127' title='bbox 1271 1911 1332 1998; x_wconf 78' lang='grc' dir='ltr'><strong>γὰρ</strong></span> 
     </span>
     <span class='ocr_line' id='line_1_16' title="bbox 183 2009 1332 2103; baseline 0.005 -25"><span class='ocrx_word' id='word_1_128' title='bbox 183 2013 221 2101; x_wconf 81' lang='grc' dir='ltr'><strong>δὴ</strong></span> <span class='ocrx_word' id='word_1_129' title='bbox 235 2013 279 2079; x_wconf 77' lang='grc' dir='ltr'><strong><em>τοί</em></strong></span> <span class='ocrx_word' id='word_1_130' title='bbox 294 2040 329 2098; x_wconf 79' lang='grc' dir='ltr'><strong>γε</strong></span> <span class='ocrx_word' id='word_1_131' title='bbox 345 2015 424 2079; x_wconf 74' lang='grc' dir='ltr'><strong>καθ’</strong></span> <span class='ocrx_word' id='word_1_132' title='bbox 440 2009 557 2090; x_wconf 71' lang='grc' dir='ltr'><strong><em>ὕδατος</em></strong></span> <span class='ocrx_word' id='word_1_133' title='bbox 578 2013 818 2103; x_wconf 81' lang='grc' dir='ltr'><strong><em>διαιτώμενα.);</em></strong></span> <span class='ocrx_word' id='word_1_134' title='bbox 843 2024 874 2082; x_wconf 86' lang='lat' dir='ltr'><strong>et</strong></span> <span class='ocrx_word' id='word_1_135' title='bbox 893 2019 1023 2084; x_wconf 85' lang='lat' dir='ltr'><strong>verbum</strong></span> <span class='ocrx_word' id='word_1_136' title='bbox 1047 2014 1270 2094; x_wconf 76' lang='grc' dir='ltr'><strong><em>ἀποδύσαντες</em></strong></span> <span class='ocrx_word' id='word_1_137' title='bbox 1299 2021 1332 2084; x_wconf 91' lang='lat' dir='ltr'><strong>in</strong></span> 
     </span>
     <span class='ocr_line' id='line_1_17' title="bbox 180 2118 1332 2206; baseline 0.004 -22"><span class='ocrx_word' id='word_1_138' title='bbox 180 2121 243 2184; x_wconf 89' lang='lat' dir='ltr'><strong>fine</strong></span> <span class='ocrx_word' id='word_1_139' title='bbox 271 2119 447 2188; x_wconf 85' lang='lat' dir='ltr'><strong>Herodot.</strong></span> <span class='ocrx_word' id='word_1_140' title='bbox 478 2118 512 2185; x_wconf 88' lang='lat'><strong>8.</strong></span> <span class='ocrx_word' id='word_1_141' title='bbox 569 2121 637 2188; x_wconf 89' lang='lat' dir='ltr'><strong>Neo</strong></span> <span class='ocrx_word' id='word_1_142' title='bbox 670 2121 773 2187; x_wconf 89' lang='lat' dir='ltr'><strong>minus</strong></span> <span class='ocrx_word' id='word_1_143' title='bbox 805 2122 1004 2206; x_wconf 51' lang='lat' dir='ltr'><strong>suspicionis¹</strong></span> <span class='ocrx_word' id='word_1_144' title='bbox 1026 2128 1131 2188; x_wconf 91' lang='lat' dir='ltr'><strong>movet</strong></span> <span class='ocrx_word' id='word_1_145' title='bbox 1164 2123 1252 2189; x_wconf 82' lang='lat' dir='ltr'><strong>Ima.</strong></span> <span class='ocrx_word' id='word_1_146' title='bbox 1289 2125 1332 2189; x_wconf 73' lang='lat' dir='ltr'><strong>oe</strong></span> 
     </span>
     <span class='ocr_line' id='line_1_18' title="bbox 182 2219 1332 2316; baseline 0.004 -30"><span class='ocrx_word' id='word_1_147' title='bbox 182 2225 237 2286; x_wconf 82' lang='grc' dir='ltr'><strong>καλ</strong></span> <span class='ocrx_word' id='word_1_148' title='bbox 270 2225 325 2308; x_wconf 76' lang='grc' dir='ltr'><strong>τῆς</strong></span> <span class='ocrx_word' id='word_1_149' title='bbox 359 2219 425 2286; x_wconf 79' lang='grc' dir='ltr'><strong><em>ἀπὸ</em></strong></span> <span class='ocrx_word' id='word_1_150' title='bbox 458 2226 513 2308; x_wconf 76' lang='grc' dir='ltr'><strong>τῆς</strong></span> <span class='ocrx_word' id='word_1_151' title='bbox 545 2229 728 2309; x_wconf 76' lang='grc' dir='ltr'><strong><em>θεραπείας</em></strong></span> <span class='ocrx_word' id='word_1_152' title='bbox 763 2221 875 2309; x_wconf 77' lang='grc' dir='ltr'><strong><em>ὀδύνης</em></strong></span> <span class='ocrx_word' id='word_1_153' title='bbox 908 2221 1085 2310; x_wconf 78' lang='grc' dir='ltr'><strong><em>ἀρδόμενος</em></strong></span> <span class='ocrx_word' id='word_1_154' title='bbox 1119 2223 1171 2289; x_wconf 74' lang='grc' dir='ltr'><strong>δελ</strong></span> <span class='ocrx_word' id='word_1_155' title='bbox 1209 2223 1332 2316; x_wconf 72' lang='grc' dir='ltr'><strong><em>ἀνθέξη</em></strong></span> 
     </span>
     <span class='ocr_line' id='line_1_19' title="bbox 181 2323 1332 2419; baseline 0.003 -28"><span class='ocrx_word' id='word_1_156' title='bbox 181 2331 237 2391; x_wconf 84' lang='grc' dir='ltr'><strong>καὶ</strong></span> <span class='ocrx_word' id='word_1_157' title='bbox 274 2323 350 2392; x_wconf 79' lang='grc' dir='ltr'><strong><em>οὐδὲ</em></strong></span> <span class='ocrx_word' id='word_1_158' title='bbox 383 2327 491 2402; x_wconf 74' lang='grc' dir='ltr'><strong><em>λίθοις</em></strong></span> <span class='ocrx_word' id='word_1_159' title='bbox 527 2326 727 2410; x_wconf 79' lang='grc' dir='ltr'><strong><em>βαλλόμενος</em></strong></span> <span class='ocrx_word' id='word_1_160' title='bbox 763 2326 821 2412; x_wconf 79' lang='grc' dir='ltr'><strong><em>τὴν</em></strong></span> <span class='ocrx_word' id='word_1_161' title='bbox 857 2327 1007 2412; x_wconf 81' lang='grc' dir='ltr'><strong><em>γλνκείαν</em></strong></span> <span class='ocrx_word' id='word_1_162' title='bbox 1044 2326 1196 2415; x_wconf 82' lang='grc' dir='ltr'><strong><em>ὀδύνην</em></strong></span> <span class='ocrx_word' id='word_1_163' title='bbox 1233 2330 1332 2419; x_wconf 81' lang='grc' dir='ltr'><strong><em>φείξη</em></strong></span> 
     </span>
     <span class='ocr_line' id='line_1_20' title="bbox 180 2429 1333 2521; baseline 0 -23"><span class='ocrx_word' id='word_1_164' title='bbox 180 2432 338 2518; x_wconf 86' lang='lat' dir='ltr'><strong>superflua</strong></span> <span class='ocrx_word' id='word_1_165' title='bbox 361 2432 486 2498; x_wconf 89' lang='lat' dir='ltr'><strong>iteratio</strong></span> <span class='ocrx_word' id='word_1_166' title='bbox 509 2433 595 2499; x_wconf 89' lang='lat' dir='ltr'><strong>voois</strong></span> <span class='ocrx_word' id='word_1_167' title='bbox 619 2429 743 2517; x_wconf 82' lang='grc' dir='ltr'><strong><em>ὀδύνην.</em></strong></span> <span class='ocrx_word' id='word_1_168' title='bbox 791 2433 875 2500; x_wconf 77' lang='lat' dir='ltr'><strong>Ver.</strong></span> <span class='ocrx_word' id='word_1_169' title='bbox 900 2434 989 2500; x_wconf 88' lang='lat' dir='ltr'><strong>hist.</strong></span> <span class='ocrx_word' id='word_1_170' title='bbox 1015 2434 1120 2500; x_wconf 79' lang='lat'>128:</span> <span class='ocrx_word' id='word_1_171' title='bbox 1151 2434 1333 2521; x_wconf 74' lang='grc' dir='ltr'><strong><em>παρῄειμεν</em></strong></span> 
     </span>
     <span class='ocr_line' id='line_1_21' title="bbox 181 2532 1333 2625; baseline 0.003 -24"><span class='ocrx_word' id='word_1_172' title='bbox 181 2534 239 2601; x_wconf 85' lang='grc' dir='ltr'><strong><em>τὸν</em></strong></span> <span class='ocrx_word' id='word_1_173' title='bbox 267 2532 358 2621; x_wconf 78' lang='grc' dir='ltr'><strong><em>η’λιον</em></strong></span> <span class='ocrx_word' id='word_1_174' title='bbox 387 2538 423 2600; x_wconf 76' lang='grc' dir='ltr'><strong><em>ἐν</em></strong></span> <span class='ocrx_word' id='word_1_175' title='bbox 451 2539 516 2621; x_wconf 74' lang='grc' dir='ltr'><strong>χρῷ</strong></span> <span class='ocrx_word' id='word_1_176' title='bbox 549 2537 622 2622; x_wconf 78' lang='grc' dir='ltr'><strong><em>τὴν</em></strong></span> <span class='ocrx_word' id='word_1_177' title='bbox 654 2539 725 2623; x_wconf 79' lang='grc' dir='ltr'><strong><em>γῆν</em></strong></span> <span class='ocrx_word' id='word_1_178' title='bbox 758 2537 1001 2621; x_wconf 80' lang='grc' dir='ltr'><strong><em>παραπλέοντες</em></strong></span> <span class='ocrx_word' id='word_1_179' title='bbox 1034 2539 1174 2625; x_wconf 85' lang='lat' dir='ltr'><strong>spurium</strong></span> <span class='ocrx_word' id='word_1_180' title='bbox 1208 2539 1333 2605; x_wconf 87' lang='lat' dir='ltr'><strong>videtur</strong></span> 
     </span>
     <span class='ocr_line' id='line_1_22' title="bbox 181 2637 1330 2728; baseline 0.001 -20"><span class='ocrx_word' id='word_1_181' title='bbox 181 2644 370 2709; x_wconf 77' lang='lat' dir='ltr'><strong>vocabulum</strong></span> <span class='ocrx_word' id='word_1_182' title='bbox 397 2640 455 2726; x_wconf 84' lang='grc' dir='ltr'><strong><em>την</em></strong></span> <span class='ocrx_word' id='word_1_183' title='bbox 483 2644 540 2726; x_wconf 77' lang='grc' dir='ltr'><strong><em>γῆν</em></strong></span> <span class='ocrx_word' id='word_1_184' title='bbox 567 2663 666 2728; x_wconf 92' lang='lat' dir='ltr'><strong>prope</strong></span> <span class='ocrx_word' id='word_1_185' title='bbox 695 2663 804 2710; x_wconf 89' lang='lat' dir='ltr'><strong>vooem</strong></span> <span class='ocrx_word' id='word_1_186' title='bbox 833 2641 891 2706; x_wconf 86' lang='grc' dir='ltr'><strong><em>τὸν</em></strong></span> <span class='ocrx_word' id='word_1_187' title='bbox 920 2637 1011 2726; x_wconf 78' lang='grc' dir='ltr'><strong><em>η’λιον</em></strong></span> <span class='ocrx_word' id='word_1_188' title='bbox 1040 2644 1237 2711; x_wconf 85' lang='lat' dir='ltr'><strong>oollooatum.</strong></span> <span class='ocrx_word' id='word_1_189' title='bbox 1282 2644 1330 2710; x_wconf 83' lang='lat' dir='ltr'><strong>of.</strong></span> 
     </span>
     <span class='ocr_line' id='line_1_23' title="bbox 183 2747 1031 2832; baseline -0.002 -21"><span class='ocrx_word' id='word_1_190' title='bbox 183 2747 232 2812; x_wconf 92' lang='lat' dir='ltr'><strong>De</strong></span> <span class='ocrx_word' id='word_1_191' title='bbox 253 2747 361 2812; x_wconf 87' lang='lat' dir='ltr'><strong>histor.</strong></span> <span class='ocrx_word' id='word_1_192' title='bbox 386 2765 504 2813; x_wconf 88' lang='lat' dir='ltr'><strong>oonsor.</strong></span> <span class='ocrx_word' id='word_1_193' title='bbox 528 2749 580 2812; x_wconf 83' lang='lat'><strong>24.</strong></span> <span class='ocrx_word' id='word_1_194' title='bbox 604 2749 640 2809; x_wconf 79' lang='grc' dir='ltr'><strong><em>ἐν</em></strong></span> <span class='ocrx_word' id='word_1_195' title='bbox 661 2749 726 2830; x_wconf 79' lang='grc' dir='ltr'><strong>χρῷ</strong></span> <span class='ocrx_word' id='word_1_196' title='bbox 748 2751 1031 2832; x_wconf 75' lang='grc' dir='ltr'><strong><em>παραμείβεοθαι.</em></strong></span> 
     </span>
    </p>

    <p class='ocr_par' dir='ltr' id='par_1_3' title="bbox 181 2850 1336 4297">
     <span class='ocr_line' id='line_1_24' title="bbox 270 2850 1334 2938; baseline 0.001 -22"><span class='ocrx_word' id='word_1_197' title='bbox 270 2850 398 2932; x_wconf 85' lang='lat' dir='ltr'><strong>Navig.</strong></span> <span class='ocrx_word' id='word_1_198' title='bbox 439 2851 501 2917; x_wconf 85' lang='lat'><strong>40.</strong></span> <span class='ocrx_word' id='word_1_199' title='bbox 563 2852 721 2918; x_wconf 78' lang='lat' dir='ltr'><strong>Lucienus</strong></span> <span class='ocrx_word' id='word_1_200' title='bbox 755 2859 958 2918; x_wconf 88' lang='lat' dir='ltr'><strong>monumenta</strong></span> <span class='ocrx_word' id='word_1_201' title='bbox 992 2853 1069 2918; x_wconf 89' lang='lat' dir='ltr'><strong>dieit</strong></span> <span class='ocrx_word' id='word_1_202' title='bbox 1102 2854 1228 2938; x_wconf 88' lang='lat' dir='ltr'><strong>regibus</strong></span> <span class='ocrx_word' id='word_1_203' title='bbox 1261 2859 1334 2938; x_wconf 90' lang='lat' dir='ltr'><strong>post</strong></span> 
     </span>
     <span class='ocr_line' id='line_1_25' title="bbox 182 2957 1332 3040; baseline 0.002 -20"><span class='ocrx_word' id='word_1_204' title='bbox 182 2962 313 3021; x_wconf 89' lang='lat' dir='ltr'><strong>mortem</strong></span> <span class='ocrx_word' id='word_1_205' title='bbox 336 2961 481 3022; x_wconf 83' lang='lat' dir='ltr'><strong>extructa</strong></span> <span class='ocrx_word' id='word_1_206' title='bbox 502 2957 694 3040; x_wconf 90' lang='lat' dir='ltr'><strong>nominaque</strong></span> <span class='ocrx_word' id='word_1_207' title='bbox 713 2958 814 3023; x_wconf 85' lang='lat' dir='ltr'><strong>innisa</strong></span> <span class='ocrx_word' id='word_1_208' title='bbox 832 2958 1010 3024; x_wconf 86' lang='lat' dir='ltr'><strong>labentibus</strong></span> <span class='ocrx_word' id='word_1_209' title='bbox 1029 2978 1216 3025; x_wconf 73' lang='lat' dir='ltr'><strong>evanescere</strong></span> <span class='ocrx_word' id='word_1_210' title='bbox 1232 2959 1332 3024; x_wconf 91' lang='lat' dir='ltr'><strong>annis.</strong></span> 
     </span>
     <span class='ocr_line' id='line_1_26' title="bbox 181 3060 1333 3147; baseline 0.001 -22"><span class='ocrx_word' id='word_1_211' title='bbox 181 3061 224 3125; x_wconf 87' lang='lat' dir='ltr'><strong>At</strong></span> <span class='ocrx_word' id='word_1_212' title='bbox 245 3062 331 3144; x_wconf 87' lang='lat' dir='ltr'><strong>lieet,</strong></span> <span class='ocrx_word' id='word_1_213' title='bbox 361 3061 478 3143; x_wconf 89' lang='lat' dir='ltr'><strong>inquit,</strong></span> <span class='ocrx_word' id='word_1_214' title='bbox 509 3081 604 3143; x_wconf 90' lang='lat' dir='ltr'><strong>quarn</strong></span> <span class='ocrx_word' id='word_1_215' title='bbox 628 3060 804 3127; x_wconf 87' lang='lat' dir='ltr'><strong>diutissime</strong></span> <span class='ocrx_word' id='word_1_216' title='bbox 826 3080 865 3126; x_wconf 91' lang='lat' dir='ltr'><strong>ea</strong></span> <span class='ocrx_word' id='word_1_217' title='bbox 892 3061 1076 3147; x_wconf 84' lang='lat' dir='ltr'><strong>perdurent,</strong></span> <span class='ocrx_word' id='word_1_218' title='bbox 1108 3063 1185 3145; x_wconf 93' lang='lat' dir='ltr'><strong>quid</strong></span> <span class='ocrx_word' id='word_1_219' title='bbox 1214 3081 1333 3144; x_wconf 89' lang='lat' dir='ltr'><strong>quaeso</strong></span> 
     </span>
     <span class='ocr_line' id='line_1_27' title="bbox 181 3164 1334 3250; baseline 0 -19"><span class='ocrx_word' id='word_1_220' title='bbox 181 3165 300 3231; x_wconf 86' lang='lat' dir='ltr'><strong>fruetus</strong></span> <span class='ocrx_word' id='word_1_221' title='bbox 329 3165 405 3231; x_wconf 93' lang='lat' dir='ltr'><strong>inde</strong></span> <span class='ocrx_word' id='word_1_222' title='bbox 434 3164 625 3231; x_wconf 89' lang='lat' dir='ltr'><strong>redundabit</strong></span> <span class='ocrx_word' id='word_1_223' title='bbox 654 3166 712 3230; x_wconf 91' lang='lat' dir='ltr'><strong>tibi</strong></span> <span class='ocrx_word' id='word_1_224' title='bbox 741 3167 803 3250; x_wconf 87' lang='lat' dir='ltr'><strong>ipsi</strong></span> <span class='ocrx_word' id='word_1_225' title='bbox 832 3165 912 3230; x_wconf 91' lang='lat' dir='ltr'><strong>nihil</strong></span> <span class='ocrx_word' id='word_1_226' title='bbox 940 3167 1005 3230; x_wconf 91' lang='lat' dir='ltr'><strong>iam</strong></span> <span class='ocrx_word' id='word_1_227' title='bbox 1035 3167 1190 3232; x_wconf 84' lang='lat' dir='ltr'><strong>sensuro?</strong></span> <span class='ocrx_word' id='word_1_228' title='bbox 1243 3164 1334 3242; x_wconf 78' lang='lat' dir='ltr'><strong>Quae</strong></span> 
     </span>
     <span class='ocr_line' id='line_1_28' title="bbox 182 3265 1332 3355; baseline -0.002 -21"><span class='ocrx_word' id='word_1_229' title='bbox 182 3270 340 3336; x_wconf 89' lang='lat' dir='ltr'><strong>sententia</strong></span> <span class='ocrx_word' id='word_1_230' title='bbox 363 3289 433 3336; x_wconf 90' lang='lat' dir='ltr'><strong>oum</strong></span> <span class='ocrx_word' id='word_1_231' title='bbox 455 3270 553 3353; x_wconf 88' lang='lat' dir='ltr'><strong>vulgo</strong></span> <span class='ocrx_word' id='word_1_232' title='bbox 575 3271 622 3335; x_wconf 90' lang='lat' dir='ltr'><strong>ita</strong></span> <span class='ocrx_word' id='word_1_233' title='bbox 641 3271 766 3353; x_wconf 88' lang='lat' dir='ltr'><strong>legatur</strong></span> <span class='ocrx_word' id='word_1_234' title='bbox 786 3289 952 3355; x_wconf 86' lang='lat' dir='ltr'><strong>expressa:</strong></span> <span class='ocrx_word' id='word_1_235' title='bbox 976 3265 1016 3354; x_wconf 76' lang='grc' dir='ltr'><strong><em>ἢν</em></strong></span> <span class='ocrx_word' id='word_1_236' title='bbox 1038 3270 1150 3335; x_wconf 77' lang='grc' dir='ltr'><strong><em>δὲκαὶ</em></strong></span> <span class='ocrx_word' id='word_1_237' title='bbox 1174 3265 1239 3334; x_wconf 78' lang='grc' dir='ltr'><strong>ὅτι</strong></span> <span class='ocrx_word' id='word_1_238' title='bbox 1260 3268 1316 3351; x_wconf 84' lang='grc' dir='ltr'><strong>μα’</strong></span> <span class='ocrx_word' id='word_1_239' title='bbox 1322 3307 1332 3316; x_wconf 92' lang='grc'>-</span> 
     </span>
     <span class='ocr_line' id='line_1_29' title="bbox 181 3370 1332 3461; baseline 0.002 -25"><span class='ocrx_word' id='word_1_240' title='bbox 181 3372 307 3437; x_wconf 87' lang='grc' dir='ltr'><strong><em>λιστα</em></strong></span> <span class='ocrx_word' id='word_1_241' title='bbox 338 3377 409 3437; x_wconf 68' lang='lat' dir='ltr'><strong>snt</strong></span> <span class='ocrx_word' id='word_1_242' title='bbox 439 3373 646 3439; x_wconf 68' lang='lat' dir='ltr'><strong>nisteron</strong></span> <span class='ocrx_word' id='word_1_243' title='bbox 671 3379 871 3461; x_wconf 88' lang='grc' dir='ltr'><strong><em>παραμείνη,</em></strong></span> <span class='ocrx_word' id='word_1_244' title='bbox 902 3379 950 3449; x_wconf 86' lang='grc' dir='ltr'><strong><em>τίς</em></strong></span> <span class='ocrx_word' id='word_1_245' title='bbox 978 3373 1026 3437; x_wconf 78' lang='grc' dir='ltr'><strong>ἔτι</strong></span> <span class='ocrx_word' id='word_1_246' title='bbox 1049 3370 1231 3447; x_wconf 77' lang='grc' dir='ltr'><strong><em>ἀπόλαυσις</em></strong></span> <span class='ocrx_word' id='word_1_247' title='bbox 1253 3392 1332 3457; x_wconf 65' lang='lat' dir='ltr'><strong>sqq„</strong></span> 
     </span>
     <span class='ocr_line' id='line_1_30' title="bbox 184 3459 1334 3563; baseline -0.003 -19"><span class='ocrx_word' id='word_1_248' title='bbox 184 3479 321 3562; x_wconf 88' lang='lat' dir='ltr'><strong>haesito,</strong></span> <span class='ocrx_word' id='word_1_249' title='bbox 356 3483 460 3544; x_wconf 90' lang='lat' dir='ltr'><strong>utrum</strong></span> <span class='ocrx_word' id='word_1_250' title='bbox 493 3499 551 3563; x_wconf 94' lang='lat' dir='ltr'><strong>pro</strong></span> <span class='ocrx_word' id='word_1_251' title='bbox 585 3459 727 3562; x_wconf 38' lang='lat' dir='ltr'><strong>genuino·</strong></span> <span class='ocrx_word' id='word_1_252' title='bbox 757 3480 892 3543; x_wconf 89' lang='lat' dir='ltr'><strong>habeam</strong></span> <span class='ocrx_word' id='word_1_253' title='bbox 938 3473 988 3539; x_wconf 77' lang='grc' dir='ltr'><strong>ὅτι</strong></span> <span class='ocrx_word' id='word_1_254' title='bbox 1019 3473 1165 3559; x_wconf 78' lang='grc' dir='ltr'><strong><em>μάλιστα</em></strong></span> <span class='ocrx_word' id='word_1_255' title='bbox 1202 3496 1244 3542; x_wconf 90' lang='lat' dir='ltr'><strong>an</strong></span> <span class='ocrx_word' id='word_1_256' title='bbox 1279 3479 1334 3540; x_wconf 77' lang='grc' dir='ltr'><strong><em>ἐπὶ</em></strong></span> 
     </span>
     <span class='ocr_line' id='line_1_31' title="bbox 182 3579 1333 3666; baseline 0.001 -20"><span class='ocrx_word' id='word_1_257' title='bbox 182 3582 347 3647; x_wconf 80' lang='grc' dir='ltr'><strong><em>πλείσταν.</em></strong></span> <span class='ocrx_word' id='word_1_258' title='bbox 406 3582 600 3648; x_wconf 86' lang='lat' dir='ltr'><strong>Alterutrum</strong></span> <span class='ocrx_word' id='word_1_259' title='bbox 638 3583 722 3647; x_wconf 91' lang='lat' dir='ltr'><strong>enim</strong></span> <span class='ocrx_word' id='word_1_260' title='bbox 758 3583 826 3646; x_wconf 91' lang='lat' dir='ltr'><strong>sine</strong></span> <span class='ocrx_word' id='word_1_261' title='bbox 863 3579 959 3646; x_wconf 92' lang='lat' dir='ltr'><strong>dubio</strong></span> <span class='ocrx_word' id='word_1_262' title='bbox 997 3579 1239 3666; x_wconf 88' lang='lat' dir='ltr'><strong>opprimendum</strong></span> <span class='ocrx_word' id='word_1_263' title='bbox 1276 3588 1333 3648; x_wconf 88' lang='lat' dir='ltr'><strong>est.</strong></span> 
     </span>
     <span class='ocr_line' id='line_1_32' title="bbox 183 3683 1334 3781; baseline -0.007 -27"><span class='ocrx_word' id='word_1_264' title='bbox 183 3688 236 3754; x_wconf 78' lang='lat' dir='ltr'><strong>De</strong></span> <span class='ocrx_word' id='word_1_265' title='bbox 249 3687 403 3754; x_wconf 74' lang='lat' dir='ltr'><strong>column.</strong></span> <span class='ocrx_word' id='word_1_266' title='bbox 419 3688 453 3752; x_wconf 86' lang='grc'><strong>6.</strong></span> <span class='ocrx_word' id='word_1_267' title='bbox 468 3706 539 3752; x_wconf 84' lang='lat' dir='ltr'><strong>oum</strong></span> <span class='ocrx_word' id='word_1_268' title='bbox 554 3687 714 3781; x_wconf 71' lang='lat' dir='ltr'><strong>salumnia</strong></span> <span class='ocrx_word' id='word_1_269' title='bbox 729 3687 774 3752; x_wconf 86' lang='lat' dir='ltr'><strong>sie</strong></span> <span class='ocrx_word' id='word_1_270' title='bbox 789 3685 973 3752; x_wconf 83' lang='lat' dir='ltr'><strong>definiatur:</strong></span> <span class='ocrx_word' id='word_1_271' title='bbox 991 3684 1061 3750; x_wconf 78' lang='grc' dir='ltr'><strong><em>ἔστι</em></strong></span> <span class='ocrx_word' id='word_1_272' title='bbox 1076 3690 1185 3750; x_wconf 83' lang='grc' dir='ltr'><strong><em>τοίνυν</em></strong></span> <span class='ocrx_word' id='word_1_273' title='bbox 1200 3683 1334 3769; x_wconf 78' lang='grc' dir='ltr'><strong><em>διαβολὴ</em></strong></span> 
     </span>
     <span class='ocr_line' id='line_1_33' title="bbox 184 3789 1334 3877; baseline 0.003 -23"><span class='ocrx_word' id='word_1_274' title='bbox 184 3797 358 3877; x_wconf 83' lang='grc' dir='ltr'><strong><em>κατηγορία</em></strong></span> <span class='ocrx_word' id='word_1_275' title='bbox 373 3816 420 3867; x_wconf 86' lang='grc' dir='ltr'><strong>τις</strong></span> <span class='ocrx_word' id='word_1_276' title='bbox 436 3793 470 3868; x_wconf 76' lang='grc' dir='ltr'><strong>ἐξ</strong></span> <span class='ocrx_word' id='word_1_277' title='bbox 485 3792 617 3875; x_wconf 73' lang='grc' dir='ltr'><strong><em>ἐρημίας</em></strong></span> <span class='ocrx_word' id='word_1_278' title='bbox 631 3797 779 3875; x_wconf 81' lang='grc' dir='ltr'><strong><em>γινομένη</em></strong></span> <span class='ocrx_word' id='word_1_279' title='bbox 796 3791 861 3876; x_wconf 84' lang='lat' dir='ltr'><strong>(vel</strong></span> <span class='ocrx_word' id='word_1_280' title='bbox 877 3791 962 3875; x_wconf 88' lang='lat' dir='ltr'><strong>quod</strong></span> <span class='ocrx_word' id='word_1_281' title='bbox 978 3791 1123 3858; x_wconf 79' lang='lat' dir='ltr'><strong>usitatius</strong></span> <span class='ocrx_word' id='word_1_282' title='bbox 1134 3795 1182 3854; x_wconf 82' lang='lat' dir='ltr'><strong>est</strong></span> <span class='ocrx_word' id='word_1_283' title='bbox 1192 3789 1334 3857; x_wconf 68' lang='lat' dir='ltr'><strong>Lusitano</strong></span> 
     </span>
     <span class='ocr_line' id='line_1_34' title="bbox 183 3893 1334 3982; baseline -0.004 -19"><span class='ocrx_word' id='word_1_284' title='bbox 183 3903 404 3980; x_wconf 81' lang='lat' dir='ltr'><strong>servatumque</strong></span> <span class='ocrx_word' id='word_1_285' title='bbox 429 3898 463 3962; x_wconf 93' lang='lat' dir='ltr'><strong>in</strong></span> <span class='ocrx_word' id='word_1_286' title='bbox 491 3896 561 3964; x_wconf 81' lang='lat' dir='ltr'><strong>cod.</strong></span> <span class='ocrx_word' id='word_1_287' title='bbox 589 3895 693 3962; x_wconf 78' lang='lat' dir='ltr'><strong>Guelf.</strong></span> <span class='ocrx_word' id='word_1_288' title='bbox 716 3897 743 3962; x_wconf 82' lang='lat' dir='ltr'><strong>F</strong></span> <span class='ocrx_word' id='word_1_289' title='bbox 766 3897 800 3972; x_wconf 71' lang='grc' dir='ltr'><strong>ἐξ</strong></span> <span class='ocrx_word' id='word_1_290' title='bbox 823 3894 951 3982; x_wconf 75' lang='grc' dir='ltr'><strong><em>ἐρήμης)</em></strong></span> <span class='ocrx_word' id='word_1_291' title='bbox 982 3893 1053 3958; x_wconf 88' lang='grc' dir='ltr'><strong><em>τὸν</em></strong></span> <span class='ocrx_word' id='word_1_292' title='bbox 1080 3893 1334 3978; x_wconf 80' lang='grc' dir='ltr'><strong><em>κατηγορού-</em></strong></span> 
     </span>
     <span class='ocr_line' id='line_1_35' title="bbox 182 3998 1335 4085; baseline 0.001 -22"><span class='ocrx_word' id='word_1_293' title='bbox 182 4024 309 4084; x_wconf 86' lang='grc' dir='ltr'><strong><em>μενον</em></strong></span> <span class='ocrx_word' id='word_1_294' title='bbox 330 4000 556 4085; x_wconf 72' lang='grc' dir='ltr'><strong><em>λεληθνία,</em></strong></span> <span class='ocrx_word' id='word_1_295' title='bbox 578 4002 673 4068; x_wconf 87' lang='lat' dir='ltr'><strong>tollas</strong></span> <span class='ocrx_word' id='word_1_296' title='bbox 696 4008 837 4069; x_wconf 85' lang='lat' dir='ltr'><strong>extrema</strong></span> <span class='ocrx_word' id='word_1_297' title='bbox 858 4002 938 4067; x_wconf 92' lang='lat' dir='ltr'><strong>haeo</strong></span> <span class='ocrx_word' id='word_1_298' title='bbox 958 4000 1056 4066; x_wconf 83' lang='lat' dir='ltr'><strong>verba</strong></span> <span class='ocrx_word' id='word_1_299' title='bbox 1077 4005 1113 4064; x_wconf 91' lang='lat' dir='ltr'><strong>ut</strong></span> <span class='ocrx_word' id='word_1_300' title='bbox 1134 3998 1335 4065; x_wconf 86' lang='lat' dir='ltr'><strong>manifestum</strong></span> 
     </span>
     <span class='ocr_line' id='line_1_36' title="bbox 183 4103 1336 4194; baseline -0.003 -22"><span class='ocrx_word' id='word_1_301' title='bbox 183 4105 320 4173; x_wconf 88' lang='lat' dir='ltr'><strong>notionis</strong></span> <span class='ocrx_word' id='word_1_302' title='bbox 349 4108 384 4182; x_wconf 78' lang='grc' dir='ltr'><strong>ἐξ</strong></span> <span class='ocrx_word' id='word_1_303' title='bbox 414 4103 531 4191; x_wconf 76' lang='grc' dir='ltr'><strong><em>ἐρήμης</em></strong></span> <span class='ocrx_word' id='word_1_304' title='bbox 559 4108 882 4194; x_wconf 88' lang='lat' dir='ltr'><strong>interpretamentum.</strong></span> <span class='ocrx_word' id='word_1_305' title='bbox 927 4103 1094 4172; x_wconf 75' lang='lat' dir='ltr'><strong>laurent.</strong></span> <span class='ocrx_word' id='word_1_306' title='bbox 1111 4103 1145 4169; x_wconf 83' lang='lat'><strong>4.</strong></span> <span class='ocrx_word' id='word_1_307' title='bbox 1170 4104 1249 4170; x_wconf 90' lang='lat' dir='ltr'><strong>haeo</strong></span> <span class='ocrx_word' id='word_1_308' title='bbox 1270 4104 1336 4170; x_wconf 85' lang='lat' dir='ltr'><strong>fere</strong></span> 
     </span>
     <span class='ocr_line' id='line_1_37' title="bbox 184 4208 1335 4297; baseline -0.003 -21"><span class='ocrx_word' id='word_1_309' title='bbox 184 4209 325 4278; x_wconf 87' lang='lat' dir='ltr'><strong>medious</strong></span> <span class='ocrx_word' id='word_1_310' title='bbox 355 4209 485 4294; x_wconf 86' lang='lat' dir='ltr'><strong>quidam</strong></span> <span class='ocrx_word' id='word_1_311' title='bbox 513 4212 661 4297; x_wconf 84' lang='lat' dir='ltr'><strong>exponit:</strong></span> <span class='ocrx_word' id='word_1_312' title='bbox 692 4212 726 4278; x_wconf 82' lang='lat' dir='ltr'><strong>Si</strong></span> <span class='ocrx_word' id='word_1_313' title='bbox 756 4231 814 4278; x_wconf 94' lang='lat' dir='ltr'><strong>nos</strong></span> <span class='ocrx_word' id='word_1_314' title='bbox 844 4210 887 4276; x_wconf 90' lang='lat' dir='ltr'><strong>ad</strong></span> <span class='ocrx_word' id='word_1_315' title='bbox 916 4216 1081 4294; x_wconf 86' lang='lat' dir='ltr'><strong>aegrotum</strong></span> <span class='ocrx_word' id='word_1_316' title='bbox 1104 4210 1207 4276; x_wconf 84' lang='lat' dir='ltr'><strong>voeati</strong></span> <span class='ocrx_word' id='word_1_317' title='bbox 1236 4208 1335 4274; x_wconf 91' lang='lat' dir='ltr'><strong>morbi</strong></span> 
     </span>
    </p>
   </div>
   <div class='ocr_carea' id='block_1_3' title="bbox 0 0 1476 4574">
    <p class='ocr_par' dir='ltr' id='par_1_4' title="bbox 0 0 1476 4574">
     <span class='ocr_line' id='line_1_38' title="bbox 0 0 1476 4574; baseline 0 0"><span class='ocrx_word' id='word_1_318' title='bbox 0 0 1476 4574; x_wconf 95' lang='lat' dir='ltr'><strong> </strong></span> 
     </span>
    </p>
   </div>
  </div>
 </body>
</html>
