2944 4574
694 214 737 278 23

15 509 16 532 η
141 427 347 508 ἐμφαίνουσα
370 423 426 485 καὶ
449 419 582 509 ἱδρῶτα)
612 422 744 488 alteram
766 422 874 505 latam,
903 417 1058 503 floridam,
1086 438 1171 501 aqua
1193 419 1290 484 abun·

140 528 269 594 dantem
291 527 354 614 (ep.
371 529 401 593 7.
425 523 568 591 πλατεῖα
591 527 647 590 καὶ
670 522 804 610 ἀνθηρά
826 525 883 588 καλ
897 523 1050 610 ἔνυδρος).
1087 524 1146 589 His
1161 529 1193 588 et
1207 523 1290 588 simi-

15 647 17 728 4
140 633 224 699 libus
246 631 427 717 praemissis
449 630 609 697 Luoianus
632 650 703 698 oum
726 649 796 715 oap.
812 630 843 694 9.
866 628 907 694 de
929 628 1080 712 magistro
1103 625 1291 713 discipulum

15 731 16 766 r
143 735 341 818 eloquentiae
374 735 549 801 studiosum
582 753 639 820 per
667 733 828 800 difficilem
860 733 950 799 illam
983 731 1178 814 arduumque
1206 731 1292 796 viam

142 839 294 907 educente
304 837 384 904 haee
394 838 495 904 dieat:
507 835 609 902 πόνον
620 837 656 901 δὲ
669 839 725 900 καὶ
736 834 916 921 ἀγρυπνίαν
927 837 983 900 καλ
997 831 1045 902 te
1052 859 1074 898 α
1083 857 1186 900 τοπο
1195 853 1216 898 σ
1224 839 1237 898 ί
1243 858 1292 897 αν

142 945 198 1007 καί
219 939 257 1007 τὸ
279 940 414 1027 λιπαρὲς
437 937 601 1024 ἀναγκαία
624 943 729 1006 ταῦτα
752 943 808 1005 καὶ
831 937 1039 1026 ἀπαραίτητα
1061 937 1168 1024 φήσει,
1199 939 1291 1003 attin-

142 1066 216 1132 gere
236 1047 306 1113 vult
327 1052 358 1113 et
379 1047 413 1112 in
443 1046 626 1112 memoriam
654 1066 812 1132 revocare,
843 1064 925 1129 quae
952 1064 1049 1130 supra
1078 1043 1118 1108 de
1146 1043 1218 1127 ipsa
1239 1043 1292 1108 via

142 1151 296 1237 exposuit.
348 1153 417 1218 Iam
439 1169 514 1216 vero
544 1149 631 1217 unde
660 1150 790 1216 tandem
819 1169 923 1233 aquae
951 1154 1044 1232 potus
1073 1145 1292 1233 suppeditatur

15 1241 16 1252 ¹
141 1255 175 1321 in
190 1255 242 1322 via
263 1254 320 1321 illa
341 1254 488 1341 lapidosa
510 1260 542 1321 et
564 1261 599 1321 ut
621 1255 693 1339 ipsa
707 1255 841 1322 Luoiani
862 1254 959 1320 verba
980 1258 1131 1337 repetam,
1154 1247 1238 1314 πολὺ
1254 1247 1292 1314 τὸ
1337 1326 1341 1332 ,

15 1357 16 1360 ’
73 1359 75 1364 ’
143 1357 238 1444 δίψος
253 1356 468 1446 ἐμφαινούσγγ,
491 1359 541 1424 oui
556 1359 727 1444 opponitur
743 1357 871 1437 ἔνυδρος
887 1353 984 1433 buiris?
1013 1357 1160 1422 Forsitan
1174 1355 1292 1440 seripta

143 1463 257 1528 fuerint
271 1462 334 1529 duo
349 1463 447 1528 verba
466 1456 618 1538 ὕδατος
641 1458 842 1546 ἀπορίαν,
866 1481 948 1544 quae
963 1460 1084 1526 seribae
1098 1460 1192 1545 lapsu
1206 1457 1292 1524 haud

142 1566 270 1633 difficile
290 1567 323 1632 in
353 1587 450 1634 unum
472 1566 553 1633 illud
574 1566 714 1632 abibant.
760 1564 900 1649 Aeoodit,
929 1563 1015 1647 quod
1038 1582 1155 1630 nomen
1177 1558 1291 1627 ὑδατο-

131 1673 248 1733 ,ποοία
270 1671 333 1736 alio
356 1672 426 1737 loeo
447 1691 512 1737 non
533 1669 700 1737 invenitur.

230 1773 285 1840 lb.
312 1773 369 1840 23.
417 1776 472 1838 καί
500 1771 565 1859 μην
593 1776 650 1838 καί
682 1774 888 1838 πιττοῦσθαι
915 1769 974 1858 χρὴ
1000 1769 1146 1854 μάλιστα
1168 1775 1229 1854 μὲν
1251 1769 1293 1835 τὰ

143 1875 265 1954 πάντα,
289 1877 319 1942 εἰ
340 1878 376 1942 δὲ
397 1876 452 1963 μὴ,
476 1876 606 1954 πάντας
628 1880 784 1942 ἐκεῖνα.
822 1879 1005 1943 Extremam
1019 1894 1129 1943 votem
1144 1875 1293 1959 quoniam

143 1983 257 2048 frustra
279 1983 414 2066 quaeris,
438 2003 500 2066 quo
523 1981 652 2068 referas,
675 1978 869 2065 corrigeret
891 1987 1034 2064 γένεια.

229 2087 340 2153 nuso.
366 2103 505 2155 eneam.
529 2085 562 2156 b.
586 2106 638 2153 ars
665 2106 793 2154 musoae
814 2084 1015 2172 praedioatur
1043 2103 1195 2151 araneam
1217 2082 1293 2149 effu-

143 2191 257 2274 gientis
272 2191 490 2258 insidiantem:
513 2189 658 2274 λοχῶντά
681 2213 718 2254 τε
745 2187 805 2276 γὰρ
828 2191 976 2273 ἐπιτηρεῖ
994 2189 1050 2252 καλ
1073 2184 1184 2253 άντίον
1206 2181 1294 2269 αὐτῷ

16 2305 17 2320 ’
144 2291 219 2382 ὁρᾷ
253 2293 446 2358 ἐκκλίνουσα
478 2293 536 2379 τὴν
568 2292 680 2380 ὁρμὴν,
714 2291 755 2369 ὥς
784 2291 828 2379 μη
852 2290 1018 2357 ἁλίσκοιτο
1041 2294 1292 2375 σαγηνευθεῖσα.

143 2399 291 2466 Fortasse
311 2399 539 2466 restituendum
561 2395 687 2484 ὅρμα·
710 2399 815 2466 evolat
837 2395 1000 2465 deelinans
1021 2395 1170 2464 volando.

229 2502 498 2585 Pseudologist.
515 2520 569 2585 op.
587 2501 642 2570 10.
665 2503 790 2570 initium
812 2502 933 2587 dubito,
957 2523 999 2568 an
1013 2502 1060 2568 sio
1080 2502 1200 2586 legam:
1219 2495 1294 2582 Ἐγὼ

144 2607 180 2670 δδ
202 2645 243 2656 -
268 2606 391 2682 δίκαιος
413 2604 455 2672 δν
476 2605 544 2692 εἴην
567 2609 637 2671 καί
660 2606 746 2695 (libri
769 2607 899 2674 tradunt
921 2603 974 2682 τά,
997 2624 1081 2691 quae
1102 2625 1164 2672 vox
1187 2605 1221 2670 in
1248 2606 1294 2669 in·

143 2712 345 2794 sequentibus
366 2712 508 2779 versibus
536 2711 639 2779 sexies
668 2712 773 2796 posita
802 2712 886 2778 huno
914 2712 949 2778 in
975 2711 1080 2778 looum
1102 2710 1183 2776 salso
1205 2710 1296 2775 iliata

144 2816 206 2898 est)
229 2817 265 2878 ἐκ
281 2816 339 2879 τοῦ
353 2814 517 2899 Δελφικοῦ
538 2814 690 2899 τρίποδος
709 2813 839 2898 λέγων
860 2811 931 2902 (pro
951 2814 1069 2883 tradito
1091 2812 1218 2900 λέγειν),
1241 2805 1296 2876 οἶα

143 2938 224 3004 sqq.,
247 2926 282 2985 ut
303 2920 387 2986 huno
408 2939 534 2987 sensum
549 2920 648 2987 verba
669 2919 932 3004 complectantur:
955 2920 1026 3005 Ego
1046 2925 1153 2986 autem
1167 2955 1211 2966 -
1225 2937 1295 2983 meo

146 3023 273 3105 quidem
302 3025 370 3091 iure
398 3030 430 3090 et
462 3043 502 3089 ex
532 3024 655 3110 tripode
684 3022 831 3110 delphico
861 3024 989 3110 (Sohoh
1021 3019 1062 3100 ὥς
1091 3029 1296 3108 κεκρυμμένα

143 3131 214 3209 μὲν,
231 3123 340 3213 ἀληθῆ
361 3127 411 3216 δέ)
425 3129 490 3194 iam
505 3129 646 3214 eloquar,
662 3131 771 3212 qualia
785 3129 986 3196 commiseris.
1022 3128 1077 3196 lb.
1095 3128 1147 3193 21.
1184 3127 1296 3194 Luoia-

143 3251 203 3299 nus
232 3231 418 3298 Timarcho:
449 3231 672 3318 Alexandriae,
699 3234 811 3319 inquit,
842 3253 924 3317 quae
952 3233 1136 3302 commisisti
1163 3233 1296 3316 flagitia,

143 3336 320 3403 meheroule
335 3356 398 3402 non
417 3336 547 3404 minoris
568 3343 642 3404 sunt
663 3336 871 3423 aestimanda,
895 3358 991 3420 quam
1011 3357 1095 3420 quae
1111 3336 1298 3403 Antioohiae

19 3509 20 3522 ¹
143 3440 248 3508 abste
269 3447 508 3526 persuasum:
537 3436 605 3504 ἀλλ’
622 3435 642 3526 ἦ
658 3464 696 3507 τε
717 3437 881 3506 ἀκολασία
903 3448 1085 3530 γυμνοτέρα
1107 3443 1164 3507 καὶ
1187 3438 1204 3526 ἡ
1227 3439 1297 3504 αἰσ-

143 3548 295 3630 χρουργία
317 3561 371 3608 σοι
400 3546 470 3608 ἐκεῖ
489 3544 546 3632 (se.
569 3545 770 3630 Antioohiae)
794 3549 1119 3634 ἐπιμανεστέρα
1149 3549 1205 3609 καί
1226 3538 1297 3609 τοῦ-

143 3671 230 3732 νομα
245 3649 301 3712 ἐπὶ
316 3646 441 3724 τούτοις
455 3651 565 3732 μεῖζον
580 3652 636 3714 καὶ
651 3652 707 3714 ἐπί
717 3653 821 3716 πᾶσιν
833 3646 1021 3726 ἀκάλυπτος
1033 3649 1053 3737 ἦ
1065 3647 1202 3735 κεφαλή.
1237 3652 1297 3715 Im·

144 3753 333 3839 probitatem
341 3753 1300 3840 TimarehiAntioohiaeinsaniorem(tntpavsuvsoavstuisse

143 3858 171 3924 si
204 3857 265 3924 hoo
293 3858 362 3925 loeo
384 3858 543 3926 Luoianus
572 3859 758 3946 scripsisset,
791 3880 832 3927 ea
852 3861 922 3944 ipsa
944 3861 1036 3927 irrita
1057 3863 1179 3944 fierent,
1215 3877 1299 3942 quae

143 3981 241 4048 supra
256 3963 285 4028 ei
301 3963 505 4050 opprobruvit
524 3959 608 4045 (aar
634 3959 692 4028 οὐκ
711 3962 834 4029 ἐλάττω
851 3982 903 4028 σοι
918 3960 1171 4050 ἧἍλεξάνδρεια
1194 3959 1299 4026 σάνοι-

144 4065 200 4130 δεν
215 4061 289 4130 οὐδὲ
302 4065 350 4150 μὰ
363 4073 427 4132 Δία
442 4069 537 4154 ίχρῆν
551 4067 706 4153 δευτέραν
720 4070 775 4154 τῆς
786 4064 974 4150 Ἀντιοχείας
990 4072 1169 4155 κεκρίσθαι
1185 4062 1299 4151 αὐτὴν)

144 4171 187 4237 At
216 4190 290 4236 vero
321 4191 449 4257 prorsus
477 4172 558 4239 nihil
585 4174 736 4240 interesse
760 4175 828 4240 vult
856 4173 938 4238 inter
968 4173 1091 4240 seelera
1113 4170 1300 4239 Antioohiae
