2944 4574
642 263 850 360 Α.

171 469 285 546 ἐκεῖνο,
308 476 340 536 et
362 489 445 553 quae
465 469 583 535 similia
605 476 755 535 sexcenta
778 470 844 536 fere
874 477 1040 536 ooourrunt
1067 473 1120 536 Fr.
1152 471 1321 537 editionem

172 575 339 640 evolventi.
385 577 452 642 Neo
476 596 540 640 non
555 574 799 640 Herwerdenius
819 597 872 660 pg.
900 577 942 641 70
964 595 1033 659 sqq.
1060 576 1159 641 multa
1180 577 1321 642 huiusce-

169 678 256 744 modi
274 679 353 744 vitia
376 680 503 762 collegit
525 685 557 744 et
578 679 747 744 emendare
768 679 898 745 studuit.
943 680 1065 745 Eadem
1088 690 1194 746 autem
1217 700 1321 746 emen-

169 782 268 848 dandi
291 784 372 848 ratio
394 783 472 848 mihi
494 782 622 866 quidem
644 783 694 848 his
717 785 794 848 loois
817 784 941 849 videtur
964 784 1156 850 adhibenda.

256 887 365 952 leuet.
378 904 498 969 praee.
514 887 548 953 8.
566 908 636 952 oum
649 888 916 954 Sommerbrodtio
928 890 1026 954 verba
1042 892 1097 952 καὶ
1113 884 1171 973 ήδη
1187 885 1321 972 ἀπορεῖς

170 1011 351 1077 expungere
372 998 404 1056 et
426 1012 465 1058 ex
488 991 557 1057 ood.
581 993 678 1058 Maro.
695 994 760 1058 434
782 1001 937 1077 τρεπτέον
959 1014 1016 1079 pro
1039 1001 1222 1078 τραπητέον
1244 995 1320 1059 reoi-

169 1115 244 1181 pere
265 1117 334 1161 non·
351 1095 474 1179 dubito,
498 1098 606 1164 verbav
618 1103 723 1162 autem
746 1093 789 1172 ὥς
810 1097 870 1183 (sio
884 1098 995 1184 Maro.)
1018 1087 1075 1161 οὗν
1090 1096 1228 1182 ποιήσας
1248 1098 1320 1163 reti·

169 1202 291 1266 nuerim
312 1202 359 1266 ita
379 1195 541 1266 restituta:
566 1197 606 1276 ὥς
629 1196 750 1288 οῧήδὲήν
774 1199 1021 1289 [προ]πονήσας,
1045 1210 1080 1268 ut
1102 1203 1181 1269 haee
1204 1203 1321 1267 evadat

169 1307 341 1372 sententia:
373 1307 444 1368 ἐπεὶ
474 1294 560 1368 δὀὗν
590 1305 634 1380 εἰς
664 1305 724 1391 (sio
754 1327 824 1370 oum
855 1307 1122 1372 Summerbrodtio
1152 1327 1193 1372 ex
1223 1309 1319 1372 Maro.

168 1409 352 1494 legendum)
365 1407 423 1493 τήν
439 1406 539 1493 ἀρχὴν
555 1405 752 1492 ἀφικόμενος
767 1399 802 1473 εὖ
819 1405 875 1474 οἷδ’
894 1405 943 1473 ὅτι
959 1407 1142 1494 ἀπορήσεις,
1160 1407 1321 1492 ὁποτέραν

169 1522 333 1598 τρεπτέον,
360 1510 405 1588 big
427 1508 549 1576 οὐδὲν
577 1513 848 1599 προπονήσας
877 1510 934 1600 ήδη
958 1515 1065 1601 ῥᾷστα
1088 1517 1142 1578 ἐπὶ
1164 1512 1202 1578 τὸ
1225 1510 1319 1598 ἀκρό-

169 1641 269 1684 τατον
284 1613 432 1705 ἀναβήσῃ
448 1655 490 1664 -
506 1656 549 1664 -
564 1616 624 1700 ἐγώ
641 1638 693 1682 σοι
710 1617 836 1703 φράσω.
876 1620 965 1703 ,Cum
981 1621 1122 1705 proseoto
1144 1639 1208 1685 non
1230 1620 1320 1702 igno-

168 1742 234 1788 rem
248 1722 300 1788 'ad
322 1724 445 1788 initium
468 1724 644 1789 venientem
674 1731 706 1789 te
728 1725 834 1788 animo
858 1743 927 1788 esse
949 1724 1186 1807 fluctuaturum,
1216 1730 1320 1788 utram

167 1828 201 1892 in
223 1828 308 1892 viam
332 1835 364 1893 te
386 1833 565 1909 convertas,
596 1826 864 1909 quemadmodum
893 1826 1057 1892 minime
1085 1829 1320 1893 instructus

167 1932 232 1997 iam
244 1932 394 1998 faoillime
408 1934 441 1997 in
457 1951 614 1996 summum
630 1931 798 1997 escendere
813 1931 914 2016 possis
930 1971 973 1980 -
988 1967 1031 1979 -
1049 1933 1178 2016 egotibi
1194 1931 1319 1996 dieam‘

169 2034 291 2112 Quibus
321 2037 440 2122 optime
468 2035 694 2121 respondeant,
725 2057 808 2120 quae
838 2044 1026 2120 sequuntur:
1058 2034 1172 2099 ἱκανὸν
1193 2034 1254 2118 γὰρ
1280 2033 1318 2098 τὸ

170 2135 270 2204 αὐτὸν
292 2142 541 2224 ἐξαπατηθῆναι
564 2143 620 2204 καὶ
641 2143 836 2224 πονῆσαι.
871 2142 1009 2206 Verbum
1024 2148 1201 2224 προπονεῖν
1215 2146 1320 2205 autem

167 2246 257 2311 initio
280 2266 350 2331 oap.
374 2246 404 2311 3.
428 2245 469 2310 de
491 2244 602 2310 eadem
625 2265 660 2310 re
681 2250 860 2330 usurpatur.

256 2350 371 2415 Tribus
392 2351 470 2415 loois
492 2355 566 2414 ante
588 2348 645 2412 τοῦ
667 2369 841 2434 pronomen
863 2348 1144 2416 demonstrativum
1164 2348 1320 2415 excidisse

168 2456 324 2520 sententia
345 2456 493 2520 universa
508 2453 622 2520 dooere
636 2454 777 2520 videtur:
802 2453 908 2520 Char.
927 2457 962 2520 6.
987 2454 1068 2520 Oeta
1083 2456 1217 2536 aliisque
1232 2474 1319 2518 mon-

168 2562 252 2626 tibus
280 2579 375 2646 super
397 2561 590 2629 Parnassum
617 2561 747 2642 volutis,
776 2565 811 2624 ut
840 2579 935 2641 quam
965 2559 1139 2622 maximum
1167 2557 1320 2623 haberent

168 2672 323 2731 terrarum
345 2670 554 2749 prospectum,
579 2665 704 2730 Charon
727 2663 881 2729 Mercurio
905 2683 976 2729 oum
1003 2681 1038 2728 se
1059 2662 1175 2728 frustra
1198 2667 1319 2727 tantum

168 2789 249 2855 opus
270 2769 395 2834 molitos
415 2788 484 2834 esse
499 2768 628 2852 dixerit,
652 2788 734 2850 quae
747 2768 956 2851 interroganti
970 2761 1050 2830 Ὅτι
1067 2771 1117 2841 ai:
1139 2766 1318 2851 respondet,

168 2875 214 2940 sio
236 2892 348 2940 oenseo
371 2872 508 2957 legenda
530 2892 615 2939 esse:
642 2867 746 2936 Οὐδὲν
770 2867 898 2956 ἀκριβὲς
921 2869 980 2954 ἐγὼ
995 2873 1071 2954 γοῦν
1087 2868 1152 2934 ἀπὸ
1179 2868 1318 2958 [τούτου]

168 2981 226 3042 τοῦ
247 2973 377 3064 ὑψηλοῦ
400 2973 472 3061 ὁρῶ.
495 2997 564 3060 sqq.
579 2977 605 3063 1)
650 2977 800 3043 Patriae
824 2992 961 3043 ennom.
986 2976 1020 3043 o.
1067 2977 1188 3060 Solem,
1216 2975 1320 3058 inquit

168 3090 292 3168 auctor,
315 3083 347 3148 in
363 3101 422 3148 sua
437 3083 570 3165 quisque
584 3083 689 3167 patria
703 3083 839 3167 primum
854 3081 1020 3166 oonspioit,
1043 3088 1079 3146 ut
1094 3081 1178 3146 buno
1193 3098 1318 3162 quoque

168 3187 277 3272 deum,
301 3188 374 3253 lioet
396 3188 534 3253 omnium
557 3185 599 3252 sit
613 3187 801 3271 eommunis,
824 3188 866 3252 ab
889 3204 1080 3269 unoquoque
1102 3186 1239 3270 patrium
1261 3204 1318 3269 pu-

168 3293 230 3358 tari
250 3299 409 3378 oporteat3
438 3292 503 3358 iam
532 3273 728 3377 pergendum
755 3291 905 3356 arbitror:
937 3287 992 3352 διὰ
1019 3287 1078 3374 τήν
1100 3285 1228 3372 πρώτην
1250 3283 1318 3350 ἀπὸ

169 3395 307 3486 [τούτου]
331 3399 389 3460 τοῦ
411 3395 512 3460 τόπου
534 3400 631 3460 θέαν.
683 3395 778 3462 Dial.
804 3395 902 3462 deor.
926 3393 980 3460 IV
1002 3393 1036 3458 4.
1082 3390 1262 3473 Ganymedi
1284 3409 1320 3454 se

167 3503 259 3568 laetis
280 3502 395 3586 poeula
417 3503 486 3566 lovi
508 3502 756 3566 ministraturum
786 3519 854 3564 esse
880 3505 949 3562 rato
982 3497 1117 3580 Iupiter:
1146 3496 1235 3558 τουτὶ
1257 3491 1318 3558 δ’ὁ

168 3603 303 3688 οὐρανός
319 3607 389 3668 ἐστι
411 3606 467 3667 καὶ
489 3609 634 3684 πίνομεν,
658 3599 699 3678 ὦς
714 3602 804 3685 ἔφην,
828 3599 865 3664 τὸ
881 3607 1009 3684 νέκταρ.
1048 3599 1149 3676 Quem
1172 3620 1242 3665 oum
1264 3599 1319 3664 ille

168 3711 352 3794 interroget:
375 3703 505 3784 Ἥδιον,
521 3697 545 3770 ὦ
561 3709 635 3784 Ζεῦ,
651 3709 709 3771 τοῦ
724 3704 899 3790 γάλακτος
923 3725 1028 3772 nonne
1043 3724 1153 3771 sensus
1168 3703 1317 3789 postulat,

167 3823 204 3881 ut
224 3815 444 3900 suppleamus:
470 3810 588 3902 [τοῦτο]
613 3812 670 3876 τοῦ
693 3809 879 3895 poll-uaros?

258 3917 445 3986 saturnal.
463 3918 517 3988 24.
557 3919 684 4004 Pauper
705 3918 821 4000 aliquis
844 3916 981 4002 epistula
999 3915 1043 3980 ad
1057 3914 1228 3979 Saturnum
1243 3913 1320 3978 data

239 4162 261 4231 ¹)
278 4161 386 4217 Ibidem
404 4162 501 4231 paullo
521 4160 638 4218 inferius
657 4159 779 4217 fortasse
802 4158 994 4216 scribendum:
1013 4155 1080 4211 Ἐπὶ
1094 4159 1214 4226 δεῖπνον,
1234 4151 1317 4226 οἶμαι,

168 4249 281 4318 κληθείς
300 4249 358 4318 [τις]
378 4265 440 4320 sqq.
