2944 4574
708 267 729 331 2

615 357 824 366 ——-

144 491 220 537 num
236 471 381 538 vitiorum
398 474 491 558 copia
505 473 713 559 liberandum,
735 478 1055 562 quantulumcumque
1070 481 1137 564 erit,
1154 482 1292 547 maximo

146 595 241 660 opere
263 576 410 661 gaudebo
432 599 534 661 neque
557 599 696 662 unquam
719 580 814 647 datae
836 601 951 666 operae
973 603 1023 648 me
1045 584 1226 669 poenitebit.

231 680 317 746 Ordo
340 687 446 747 autem
469 681 691 768 disputationis
713 705 803 751 meae
824 687 851 750 is
871 688 943 770 erit,
967 694 1002 753 ut
1015 689 1149 773 primum
1166 690 1292 772 quidem

144 785 184 850 de
212 786 252 851 iis
281 787 358 852 locis
388 787 555 873 disseram,
586 789 640 871 qul
670 787 893 856 additamentis
924 792 964 856 ab
991 794 1096 858 aliena
1118 815 1214 860 manu
1236 813 1291 859 seu

144 890 274 956 oonsilio
305 909 362 956 seu
391 911 467 957 casu
496 892 620 984 insertis
650 893 793 977 impediti
815 895 996 982 videantur,
1028 895 1143 963 deinde
1173 897 1213 963 de
1231 898 1291 981 ¹iis,

144 995 257 1076 quibus
279 995 446 1062 soribarios
469 997 520 1061 vel
542 996 716 1062 litterarum
738 999 943 1064 similitudine
957 1001 1008 1066 vel
1030 1002 1096 1066 alia
1118 1023 1214 1068 eausa
1236 1003 1291 1069 ad-

142 1097 252 1164 duotos
282 1100 403 1182 aliquid
433 1100 606 1185 dempsisse
636 1102 777 1167 arbitrer.
823 1105 930 1169 Tertio
955 1104 1025 1170 loco
1054 1105 1093 1170 de
1120 1109 1290 1192 transposi-

143 1203 280 1268 tionibus
302 1205 467 1270 verborum
497 1206 762 1272 sententiarumve
788 1225 963 1292 exponam3
994 1216 1132 1276 extremo
1156 1211 1291 1294 denique

142 1309 301 1373 nonnullis
323 1310 393 1375 aliis
415 1309 588 1394 scripturae
608 1310 693 1376 vitiis
715 1309 833 1377 mederi
856 1311 1001 1378 conabor.

700 1627 736 1710 I.

227 1761 387 1828 Lucienus
409 1786 430 1826 a
452 1771 620 1827 correctore
642 1765 775 1846 quodam
798 1765 905 1827 dedita
927 1785 1023 1847 opera
1047 1768 1213 1830 recensitae
1228 1790 1290 1831 esse

140 1867 262 1929 videtur
292 1865 345 1953 (cs.
369 1867 519 1933 Fritzsoh.
547 1867 581 1931 iu
604 1865 704 1952 praef.
728 1867 803 1932 edit.
836 1868 915 1932 112.
945 1888 1019 1953 pag.
1044 1868 1145 1956 VIII),
1178 1871 1231 1952 qui
1259 1878 1290 1936 et

141 1970 274 2034 aliorum
297 1971 488 2054 glossemata
509 1973 542 2035 in
565 1977 686 2038 textum
701 1971 855 2056 recipiens
871 1978 902 2036 et
917 1991 956 2038 ex
971 1973 1070 2058 ipsius
1085 1980 1189 2039 mente
1203 1975 1289 2041 baud

140 2095 243 2160 pauca
265 2076 444 2141 immiscens
465 2075 643 2159 elegantem
664 2075 798 2142 Luciani
820 2076 974 2142 rationem
997 2076 1122 2144 dicendi
1138 2099 1289 2165 persaepe

141 2180 271 2264 turpiter
300 2179 496 2248 deformavit.
542 2179 612 2256 Quo
634 2181 732 2245 multo
762 2186 836 2245 ante
865 2179 1008 2246 codicum
1031 2189 1207 2249 nostrorum
1230 2185 1289 2249 ori·

140 2284 246 2367 ginem
269 2284 367 2368 facto,
397 2285 579 2350 inchoatum
609 2303 688 2368 opus
717 2303 842 2368 semper
868 2291 958 2350 erant
980 2287 1033 2368 qui
1055 2287 1170 2353 stolide
1192 2289 1289 2354 conti-

140 2394 274 2454 nuarent
288 2388 456 2471 labemque
471 2389 559 2453 illam
575 2395 737 2471 augerent.
764 2389 902 2453 Huiusce
917 2389 1003 2455 modi
1019 2391 1240 2457 emblematum
1256 2400 1290 2458 ut

141 2492 295 2559 nonnulla
310 2491 453 2558 adferam
471 2493 625 2577 exempla,
643 2498 726 2559 recte
743 2493 927 2560 Dindorfius
942 2497 1004 2560 Pro
1019 2496 1114 2578 imag.
1134 2496 1184 2558 19.
1201 2496 1291 2561 eiecit

140 2594 157 2660 ὁ
179 2596 322 2672 Γλαῦκος
350 2603 381 2662 et
407 2597 598 2664 Fritzsohius
624 2597 715 2663 Alere.
740 2598 771 2662 9.
800 2594 922 2682 ἀληθές
950 2603 982 2663 et
1003 2598 1288 2665 Sommerbrodtius

141 2703 284 2789 (Luciam
308 2723 361 2788 pg.
388 2702 462 2789 156)
485 2704 626 2768 Hermot.
650 2703 703 2767 62.
732 2697 905 2786 ἀκαριαῖον
927 2708 959 2766 et
980 2701 1160 2786 Madvigius
1191 2703 1288 2790 (Adv.

141 2807 246 2873 oritl
276 2827 329 2892 pg.
355 2806 431 2893 703)
460 2806 545 2872 Dial.
575 2815 699 2871 meretr.
723 2805 783 2870 XV
799 2807 829 2871 3.
860 2804 1077 2891 protopassio
1099 2814 1130 2874 et
1152 2807 1288 2875 Cobetus

138 2911 229 2996 (Var.
246 2913 332 2978 Lect.
355 2933 409 2997 pg.
428 2913 504 2998 110)
526 2910 611 2977 Dial.
628 2917 718 2976 mort.
735 2911 814 2975 VIII
830 2912 859 2976 1.
875 2909 1030 2998 πυνθάνῃ
1053 2917 1085 2977 et
1099 2933 1129 2978 v.
1145 2914 1288 2978 Herwer-

140 3015 251 3082 deuius
281 3015 483 3103 (Plutarchea
512 3022 543 3081 et
572 3017 734 3082 Lucianea
770 3036 840 3081 cum
877 3037 962 3082 nova
990 3016 1143 3083 Marciani
1172 3017 1288 3083 codicis

140 3121 308 3187 collatione
330 3121 415 3186 Trai.
445 3119 718 3186 adRhen.1877
750 3140 803 3205 pg.
833 3118 926 3206 79)1)
953 3119 1034 3186 Adv.
1062 3120 1178 3187 indoct.
1203 3123 1233 3186 6.
1257 3119 1288 3182 οἱ

140 3243 348 3255 --.--α-

214 3298 235 3364 ¹)
254 3313 282 3351 v.
299 3297 334 3350 H.
352 3296 381 3350 in
399 3294 485 3349 tertia
503 3293 592 3349 libelli
610 3294 654 3348 sui
673 3297 754 3362 parte
773 3293 839 3349 licet
856 3293 958 3347 multas
974 3294 1157 3362 proposuerit
1169 3309 1288 3363 sagaces

139 3383 314 3453 subtilesque
341 3383 519 3438 coniecturas
546 3381 593 3450 (de
621 3381 722 3451 quibus
750 3380 884 3436 disseruit
910 3380 1110 3436 Wiehmanuus
1137 3380 1249 3450 geitlult.
1269 3381 1286 3447 l.

141 3471 370 3541 tbbmuostobaelm
382 3469 461 3536 1879)
480 3469 551 3523 mira
561 3473 656 3524 tamen
668 3469 773 3537 vixque
785 3466 965 3522 defendenda
976 3467 1109 3520 socordia
1121 3467 1215 3522 omnia
1228 3464 1287 3521 sere

140 3557 276 3626 neglexit,
295 3570 369 3625 qnae
386 3561 451 3609 ante
469 3554 561 3623 ipsum
579 3555 616 3608 ab
636 3554 699 3608 aliis
718 3554 825 3608 collata
842 3557 906 3607 sunt
924 3557 1009 3623 atque
1031 3553 1147 3608 inventa
1172 3552 1210 3607 ad
1234 3553 1288 3608 Lu-

142 3645 252 3699 cianum
271 3641 484 3698 emendandum.
520 3639 602 3696 Unde
619 3641 707 3708 venit,
731 3643 762 3693 ut
780 3640 938 3695 sexcenties
961 3644 1027 3694 acta
1049 3655 1137 3708 agens
1162 3641 1198 3695 ab
1223 3639 1288 3694 aliis

141 3733 196 3785 iam
215 3730 319 3785 dudum
338 3729 466 3784 coniecta
483 3727 564 3796 quasi
583 3726 618 3781 de
636 3743 688 3781 suo
707 3727 808 3781 iterum
826 3726 987 3796 protulerit
1017 3727 1191 3795 Madvigium
1207 3726 1287 3796 quod

139 3832 195 3872 non
213 3817 318 3885 ubique
335 3816 461 3885 iuspexit
480 3843 512 3854 -
531 3819 575 3870 est
593 3814 665 3868 enim
678 3814 727 3870 ubi
740 3829 804 3868 eum
817 3812 1087 3882 commemoraverit,
1106 3813 1230 3867 Parasiti
1242 3813 1286 3868 49.

141 3905 233 3959 locum
266 3903 430 3972 emendans,
463 3902 498 3956 de
533 3917 589 3971 quo
623 3899 699 3955 infra
730 3900 925 3956 disserendum
956 3899 1011 3956 erit
1042 3899 1287 3968 coniecturamque

140 3991 326 4058 καταισχυνών
338 3990 375 4045 ad
389 3988 573 4060 Tyrannicid.
591 3989 616 4042 8.
636 3988 712 4058 quod
730 3988 821 4043 denuo
834 3987 993 4057 proposuit,
1012 3985 1135 4041 fortasse
1155 3980 1286 4057 excuses,

140 4082 170 4132 at
188 4078 366 4133 coniecturas
384 4077 543 4131 Lucianeas
561 4077 591 4130 iu
610 4075 699 4131 lucem
719 4075 846 4131 editurus
869 4074 894 4128 si
919 4074 981 4142 quis
999 4071 1186 4127 Fritusehium
1204 4089 1287 4126 unum

126 4158 246 4233 'optime
265 4163 301 4218 de
319 4163 374 4218 hoe
391 4163 531 4231 scriptore
552 4164 682 4217 meritum
704 4163 789 4231 plane
813 4160 947 4230 neglegit,
969 4159 1019 4212 vix
1043 4173 1105 4213 eum
1130 4159 1287 4227 opprobrio

141 4249 254 4306 liberes.
291 4250 380 4315 Quam
399 4247 551 4305 editionem
568 4249 593 4304 si
605 4250 772 4319 evolvisset,
790 4248 842 4303 bos
855 4247 935 4302 locos
948 4244 1091 4316 quomodo
1104 4247 1199 4300 sanari
1217 4245 1289 4314 vult,

210 4465 231 4516 Ψ
