2944 4574
729 253 771 318 26

173 465 333 550 plusculos
356 483 473 529 eonon
496 469 660 530 oontentos
683 483 752 529 esse
774 463 966 548 indignatus,
990 463 1075 547 quod
1097 464 1158 549 ipsi
1181 466 1326 547 quamvis

173 570 205 634 in
235 570 325 636 terris
353 569 421 634 nati
450 570 483 633 in
513 569 642 635 deorum
673 569 874 634 sodalitatem
901 567 1106 652 escenderint,
1136 569 1182 635 sio
1204 571 1325 655 pergit:

173 669 242 736 ἀλλ’
261 672 292 736 εί
304 670 348 758 μὴ
364 675 419 736 καλ
434 669 507 748 τοὺς
524 669 726 748 ἀκολούθους
743 675 798 736 καί
813 670 1025 757 θεράποντας
1040 667 1147 737 αὐτῶν
1162 673 1326 758 ἰσοτίμους

173 775 250 862 «ἡμῖν
266 773 503 861 ἀποφανοῦσιν,
528 773 622 841 οὐδὲν
636 784 718 860 μέγα
735 773 809 841 οὐδὲ
832 775 1030 842 νεανικὸν
1052 775 1176 842 οἴονται
1199 777 1325 862 εἰργάσ-

175 887 247 946 θαι.
286 883 357 948 Vox
373 881 524 946 venumda
539 902 602 966 quo
618 883 711 947 modo
727 882 964 968 interpretanda
978 883 1027 967 sit,
1053 883 1166 950 frustra
1183 886 1324 967 quaeris:

173 1007 268 1053 sensu
291 1008 392 1054 vaoua
416 994 470 1053 est.
511 988 607 1054 Ouios
622 988 757 1073 primam
779 988 937 1072 syllabam
960 993 1137 1073 corruptam
1161 1008 1230 1054 esse
1253 1009 1325 1054 oon-

172 1091 268 1158 tendo
290 1111 330 1157 ex
345 1093 501 1178 particula
522 1117 565 1175 γε.
605 1093 675 1170 Quo
697 1093 781 1158 facto
796 1094 920 1158 litterae
935 1094 1021 1159 voois
1044 1091 1193 1157 ἱκανόν
1216 1095 1324 1160 asori-

172 1197 261 1263 bario
283 1197 329 1262 ita
350 1199 618 1284 permutabantur,
642 1204 676 1264 ut
691 1218 762 1263 oum
778 1197 953 1283 depravata
966 1199 1023 1264 illa
1038 1199 1165 1282 syllaba
1179 1199 1212 1264 iu
1227 1219 1324 1265 unum

173 1287 299 1368 obirent
314 1302 460 1367 vitiosum
483 1300 642 1368 νεανικόν.
681 1302 784 1379 Quam
808 1302 1058 1368 emendationem
1081 1303 1109 1368 si
1131 1304 1324 1389 probaveris,

172 1407 255 1472 hano
277 1405 408 1472 babebis
431 1409 620 1473 sententiam
642 1427 756 1492 graece
779 1427 976 1493 expressam:
1001 1407 1075 1493 ,Sed
1098 1409 1158 1474 nisi
1173 1410 1325 1474 satellites

172 1531 247 1578 suos
270 1497 624 1596 oomitesque'bostrum
646 1514 678 1579 in
703 1514 844 1582 ordinem
867 1514 1050 1598 rettulerint,
1081 1514 1125 1578 nil
1155 1513 1263 1597 magni
1285 1533 1324 1578 ao

172 1637 213 1683 ne
241 1618 317 1684 satis
348 1617 475 1700 quidem
507 1637 541 1683 so
571 1619 682 1685 feoisse
711 1619 886 1704 putabunt!
939 1619 1060 1684 Eodem
1094 1625 1200 1685 autem
1230 1617 1324 1684 modo
1401 1637 1407 1650 ·

172 1718 249 1786 οὐδέ
262 1747 295 1806 γε
318 1728 486 1808 usurpatur·
508 1725 694 1808 aso-iptore
708 1731 815 1789 nostro
829 1722 919 1788 Alex.
943 1723 997 1788 14:
1021 1720 1078 1787 τὸν
1101 1719 1326 1808 ἀρτιγέννητον

169 1821 357 1913 Ἀσκληπιὸν
372 1867 413 1873 -
430 1823 486 1891 οὐκ
503 1829 538 1889 ἐκ
555 1827 732 1908 Κορωνίδος
753 1824 801 1910 μά
816 1827 865 1890 Δί’
884 1821 960 1891 οάδέ
973 1850 1008 1909 γε
1022 1824 1170 1912 κορώνης,
1194 1823 1262 1890 ἀλλ’
1288 1829 1324 1890 ἐκ

172 1928 264 2017 χηνὸς
287 1939 521 2017 γεγεννημένον.

259 2036 333 2103 Pro
357 2037 448 2118 laps.
474 2037 507 2102 2.
540 2038 689 2122 legimus:
721 2035 758 2101 τί)
788 2035 910 2123 μὲνδὴ
932 2041 1057 2123 χαίρειν
1080 2032 1201 2122 ἀρχαία
1222 2034 1324 2122 μὲνὴ

171 2138 434 2226 προσαγόρευσις,
466 2137 504 2206 ori
532 2141 596 2228 μὴν
626 2145 746 2226 ἑωθίνη
775 2140 876 2224 μόνον
899 2137 974 2205 οὐδὲ
994 2138 1060 2206 ἀπὸ
1080 2140 1139 2227 τὴν
1160 2140 1245 2226 apsi
1253 2165 1325 2227 την

172 2245 321 2322 ἔντευξιν,
338 2243 423 2311 ἀλλά
436 2250 491 2310 καὶ
502 2250 701 2332 πρῶτονμὲν
713 2245 834 2321 ἰδόντες
845 2220 926 2330 πρὸς
939 2242 1096 2332 ἀλλήλους
1108 2244 1217 2329 ίλεγον
1232 2240 1323 2310 αὐτό.

173 2351 258 2428 Quid
294 2352 415 2417 intorsit
466 2352 546 2416 inter
590 2352 726 2436 primum
768 2371 970 2435 congressum
1007 2347 1131 2437 (aquira
1169 2349 1324 2429 ἔντευξις)

174 2462 205 2522 et
220 2457 354 2542 primum
370 2462 571 2543 conspectum
583 2457 726 2541 (πρῶτον
741 2454 892 2542 ἰδόντες),
908 2457 1024 2524 neseio.
1055 2454 1203 2522 Diluoida
1218 2461 1324 2521 autem

172 2562 227 2626 liet
248 2561 413 2645 sententia,
445 2562 472 2626 si
494 2565 683 2625 ΠΡΩΤΗΝ
701 2562 925 2628 mutaverimus
947 2562 981 2626 in
1003 2563 1177 2637 ΠΡΩΙΑΝ,
1208 2561 1323 2626 collato

172 2669 278 2731 Amor.
317 2668 376 2732 39:
411 2667 533 2751 πρωίας
564 2661 656 2752 ὥρας.
712 2667 894 2733 Eorundem
927 2667 1100 2733 litterarum
1135 2666 1324 2751 permutatio

173 2772 225 2836 lle
269 2769 334 2836 deu
372 2770 453 2851 syr.
495 2773 552 2838 28.
590 2773 715 2858 phallos
752 2777 826 2838 ante
863 2773 1014 2858 templum
1051 2771 1324 2857 Hieropolitanum

172 2882 347 2942 exstructos
377 2877 419 2942 ad
442 2876 547 2942 sidera
568 2897 669 2960 usque
691 2876 809 2942 eduxit.
855 2877 917 2942 Ubi
938 2877 1091 2961 legimus:
1122 2877 1158 2939 ἐν
1179 2875 1324 2940 τούτοισι

172 2988 259 3046 τοῖσι
282 2979 512 3066 προπυλαίοισι
536 2983 591 3046 καὶ
614 2980 646 3045 οί
668 2979 788 3065 φαλλοὶ
811 2984 936 3057 ἑστᾶσι,
960 2978 1033 3057 τοὺς
1056 2979 1210 3057 Διόνυσος
1232 2978 1323 3065 ἐστή·

174 3106 266 3164 σατο,
289 3082 414 3172 ἡλικίην
437 3090 492 3151 καὶ
515 3085 583 3150 οἵδε
601 3092 858 3172 τριηκοσίων
880 3083 1038 3172 ὀργυιέων.
1084 3084 1185 3162 Quem
1215 3104 1322 3152 nume·
1388 3097 1390 3102 '

172 3213 241 3258 rum
269 3191 439 3259 absurdum
463 3212 531 3258 esse
560 3211 653 3257 nemo
675 3213 739 3258 non
762 3193 857 3258 uidet.
903 3190 976 3268 Qua
998 3191 1038 3258 de
1060 3210 1157 3258 oausa
1179 3190 1323 3275 Guyetus

172 3299 290 3381 aliique
312 3303 514 3364 correxerunt
536 3295 712 3381 τριάκοντα
719 3321 730 3375 ;
762 3318 823 3381 quo
846 3317 923 3364 sane
946 3298 1043 3363 multo
1066 3297 1168 3362 minor
1190 3302 1324 3382 apparet

171 3403 350 3489 phallorum
362 3403 505 3487 altitudo,
519 3402 576 3468 sed
588 3403 727 3470 nondum
735 3403 923 3469 verisimilis.
945 3403 994 3466 Ex
1007 3397 1188 3485 ίίργυιέων,
1201 3401 1322 3486 opinor,

172 3508 345 3574 scribarum
369 3508 570 3591 neglegentia
593 3515 695 3574 ortum
718 3515 765 3574 est
787 3503 974 3591 ι’ὀργυιεων.
1013 3507 1080 3572 Neo
1102 3506 1233 3572 minima
1251 3526 1323 3592 pro·

171 3614 253 3680 teoto
277 3616 410 3699 apparet
430 3612 598 3696 sexaginta
619 3611 736 3698 pedum
759 3609 901 3677 altitudo.

258 3715 411 3799 apolog.
431 3718 463 3783 s.
503 3715 693 3783 Fritusohius
713 3716 755 3783 ad
771 3717 868 3783 verba
890 3718 1056 3803 προπετῶς
1078 3721 1139 3800 μὲν
1153 3713 1322 3799 θρασυνοί-
1402 3761 1405 3770 ,

172 3845 267 3906 μενος
290 3819 370 3907 πρὸς
392 3819 450 3897 τὰς
473 3817 711 3904 ἀνθρώπων
732 3825 840 3905 χρείας
862 3819 1010 3888 adnotat:
1040 3820 1204 3884 sententiae
1226 3841 1323 3884 οαιιεο

172 3926 318 4010 suppleo:
341 3924 442 4012 πρὸς
465 3924 537 4002 τὰς
567 3924 756 4011 πενήτων
785 3923 1022 4012 ἀνθρώπων
1043 3929 1196 4010 χρείας.
1242 3925 1322 3991 Coll.

172 4037 278 4099 autem
293 4031 343 4096 De
361 4051 454 4098 mero.
472 4032 564 4098 cond.
580 4032 617 4097 5:
641 4030 747 4112 οἱμὲν
769 4030 807 4116 δὴ
830 4031 946 4096 πολλοὶ
967 4027 1026 4116 την
1047 4033 1165 4094 πενίαν
1187 4031 1243 4093 καί
1265 4028 1323 4115 την

172 4137 237 4201 τῶν
270 4131 511 4220 ἀναγκαίων
542 4142 655 4223 χρείαν
677 4141 893 4224 προθέμενοι,
928 4143 959 4203 et
991 4137 1033 4203 ib.
1066 4137 1103 4204 7:
1139 4130 1196 4219 οὐχ
1218 4131 1236 4223 η
1259 4137 1324 4201 τάν
1451 4191 1452 4200 ,
