2944 4574
707 263 727 325 9

140 466 263 544 παντός
293 469 396 552 ἐστιν,
427 474 462 534 ut
492 469 541 534 De
558 463 670 534 'morte
690 470 818 553 Peregr.
841 469 894 534 24.
926 476 957 535 et
979 465 1227 553 ὁβουλόμενος,
1258 475 1294 534 ut

140 575 224 638 Tim.
258 573 308 638 16.
361 573 501 637 Hermot.
531 573 584 639 24.
615 574 731 638 Toxar.
755 573 808 638 48.
839 579 894 637 aut
923 574 1017 638 ambo
1047 575 1228 657 coniuncta,
1258 578 1294 639 ut

139 677 242 742 Vitar.
265 683 347 742 auct.
381 678 446 761 17..
478 678 564 743 cuius
593 679 655 743 loci
683 679 833 762 analogia
855 678 991 744 confisus
1014 685 1168 746 corrector
1187 683 1293 743 nostro

138 783 209 847 loeo
232 783 303 847 voci
325 779 449 857 παντός
471 783 670 867 praemisisse
692 782 816 848 videtur
838 783 896 846 τοῦ
919 781 1127 866 βουλομένου,
1154 782 1240 866 quod
1262 789 1294 848 et
1387 815 1390 822 ·

139 888 173 951 in
188 885 258 953 eod.
279 887 374 951 Maro.
395 887 461 951 434
484 893 515 951 ot
537 886 623 972 apud
640 887 883 952 Demosthenem
906 887 1051 975 (Olynth.
1067 889 1083 952 Ι
1101 887 1154 974 16)
1177 888 1294 953 frustra

140 991 343 1074 quaesiveris.
389 991 539 1056 Similiter
569 997 674 1056 autem
701 992 842 1056 Hermot.
865 991 918 1058 50.
942 1011 1051 1058 vocem
1080 987 1223 1076 τάληθές
1253 1011 1293 1055 ex

140 1096 275 1160 aliorum
297 1096 436 1160 locorum
458 1096 608 1178 analogia
630 1101 747 1161 temere
768 1096 917 1163 iniectum
940 1115 1009 1162 esse
1029 1097 1146 1182 optimc
1165 1095 1293 1162 demon·

140 1200 252 1266 stravit
263 1199 547 1265 Sommcrbrodtius
560 1199 649 1286 (Luc.
661 1221 715 1285 pg.
732 1198 806 1286 105)
827 1200 904 1265 Iov.
923 1201 1018 1281 trag.
1033 1201 1090 1266 28.
1108 1200 1292 1266 adverbium

141 1299 298 1386 ἀσφαλῶς
328 1304 487 1387 glossema
516 1324 585 1371 esse
614 1305 751 1370 notionis
781 1305 813 1378 ἐς
834 1301 872 1366 τὸ
894 1309 1086 1386 μεταίχμιον
1115 1305 1157 1370 ab
1187 1305 1295 1369 aliena

142 1428 239 1473 manu
261 1407 394 1473 Lueiani
408 1408 513 1473 verbis
535 1409 755 1493 interpositum
776 1407 851 1473 inde
874 1409 1003 1493 colligo,
1028 1409 1114 1492 quod
1135 1427 1239 1491 neque
1260 1409 1293 1473 in

141 1511 301 1578 codicibus
317 1512 414 1577 Marc.
437 1513 512 1595 434,
537 1513 640 1578 Gucli.
663 1513 690 1576 F
713 1532 820 1602 neque
837 1513 870 1577 in
893 1512 1030 1578 editione
1051 1513 1183 1597 vulgata
1204 1532 1292 1597 repe-

140 1617 229 1681 ritur.
265 1615 321 1681 Ib.
339 1615 396 1681 36.
419 1616 546 1682 eosdem
562 1617 685 1683 codices
701 1636 835 1699 sequens
850 1619 948 1682 verba
964 1613 1068 1699 ἀλόγῳ
1084 1618 1172 1702 φορᾷ
1188 1616 1292 1701 oppri-

140 1741 226 1784 mam
239 1726 274 1785 ut
285 1720 443 1803 glossema
455 1720 597 1787 adverbii
612 1721 689 1804 εἰκῆ.
714 1719 890 1786 Alexand.
906 1720 939 1786 5.
954 1722 1051 1786 verba
1069 1722 1124 1783 nal
1140 1716 1291 1807 ὑπηρέτῃ,

140 1842 224 1907 quae
238 1823 272 1889 in
289 1823 396 1890 codiee
407 1827 503 1891 Mare.
516 1827 581 1891 436
593 1827 786 1910 omittuntur,
803 1846 843 1891 ex
858 1827 1048 1909 glossemate
1063 1831 1140 1890 nata
1151 1826 1292 1910 suspicor

140 1928 287 1994 vocabuli
308 1924 464 2012 ὑπουργῷ,
489 1930 573 2013 quod
596 1950 667 1996 cum
689 1931 765 1996 alibi
788 1949 809 1994 a
829 1930 971 1996 Luoiano
993 1949 1058 1995 non
1081 1928 1290 2013 adhiberetur,

142 2033 383 2119 explicationem
405 2033 580 2118 flagitabat.
626 2034 707 2100 Ver.
732 2033 824 2099 hist.
850 2033 870 2098 l
895 2033 951 2100 35.
976 2035 1075 2100 verba
1096 2035 1151 2096 καὶ
1174 2029 1292 2117 οὐραῖα

141 2137 284 2203 codicum
315 2136 416 2223 Gorl„
447 2139 548 2204 Paris.
575 2138 600 2204 d
630 2145 661 2203 et
690 2139 737 2221 M,
778 2138 875 2202 Maro.
905 2139 971 2203 434
999 2137 1063 2203 fide
1093 2138 1190 2204 fretus
1219 2139 1291 2203 sub-

139 2242 207 2307 lata
228 2242 332 2307 velim.

684 2521 744 2604 Π.

228 2676 335 2741 Prima
357 2675 578 2761 disputationis
600 2682 691 2762 parte
713 2682 880 2762 postquam
903 2675 1048 2761 exposui,
1078 2653 1191 2759 quibus
1212 2677 1291 2742 locis

141 2782 278 2847 auctoris
297 2781 395 2846 verba
414 2783 465 2846 vel
488 2781 686 2865 glossematis
712 2782 764 2848 vel
786 2782 957 2848 scribarum
979 2780 1205 2847 additamentis
1225 2803 1290 2846 am·
1419 2869 1422 2878 Ι

139 2885 280 2970 plifieata
316 2873 496 2952 adderentur
533 2893 564 2950 et
599 2887 632 2951 in
670 2885 807 2952 deterius
841 2905 1006 2971 conversa,
1052 2905 1137 2951 nunc
1173 2885 1214 2951 de
1250 2887 1290 2951 iis

141 2989 294 3055 disserere
315 2991 348 3055 in
371 2991 477 3055 animo
500 2994 556 3074 est,
585 2991 639 3073 qui
661 2991 738 3057 vitio
760 2991 907 3058 laborant
928 2990 1024 3076 plane
1046 2991 1201 3056 contrario
1224 2991 1290 3073 qui-

139 3095 262 3176 busque
283 3101 319 3160 ut
344 3095 465 3178 aliquid
491 3096 700 3180 omitteretur,
731 3078 968 3162 similitudinem
994 3095 1168 3160 litterarum
1194 3094 1289 3159 modo

141 3198 393 3265 antecedentium
404 3200 498 3265 modo
510 3201 740 3283 insequentium
752 3201 892 3290 effecisse
900 3199 1132 3267 verisimileest.
1155 3197 1291 3275 Qualem

140 3303 314 3389 scripturae
346 3305 451 3370 labem
483 3305 696 3389 compluribus
729 3306 883 3389 exemplis
917 3324 957 3369 ex
990 3303 1097 3369 codice
1127 3303 1289 3369 Marciano

140 3407 261 3473 haustis
278 3407 563 3474 Sommcrbrodtius
584 3409 754 3476 illustravit
768 3408 858 3495 (Luc.
874 3430 927 3494 pg.
952 3406 1026 3494 125)
1049 3411 1080 3472 et
1098 3407 1290 3474 Fritzschius

140 3511 227 3577 haud
247 3513 357 3598 paucis
377 3514 455 3578 locis
469 3514 639 3598 perspexit.
685 3512 748 3590 Qui
770 3514 861 3580 Alex.
877 3514 930 3579 48.
954 3518 1029 3577 ante
1049 3513 1148 3579 verba
1171 3515 1224 3577 ἐπὶ
1246 3510 1290 3576 τὰ

138 3613 293 3700 βασίλεια
321 3636 362 3682 ex
386 3618 556 3684 Marcianis
590 3618 678 3684 libris
713 3619 883 3703 assumpsit
916 3618 1080 3700 ἐπίβασιν,
1116 3638 1198 3700 quae
1227 3638 1289 3682 vox

139 3741 197 3806 pro
234 3721 320 3786 illius
357 3719 574 3808 dittographia
610 3723 720 3788 habita
754 3740 905 3807 oppressa
938 3727 986 3786 est
1014 3722 1048 3786 in
1079 3722 1290 3806 compluribus

138 3825 237 3910 libris,
269 3846 339 3890 oum
362 3825 417 3891 alii
443 3827 476 3891 in
506 3828 573 3892 eius
602 3829 706 3893 locum
736 3828 893 3909 glossema
926 3825 1071 3909 πάροδον
1104 3826 1289 3911 receperint.

138 3931 280 3996 Hermot.
310 3932 363 3996 48.
392 3931 478 3997 idem
507 3932 559 3997 Fr.
590 3932 799 3998 coniecturam
832 3929 990 3997 Dindorfii
1022 3930 1137 4015 probat
1172 3929 1248 4019 [ἔτη]
1263 3929 1289 4018 1)

140 4035 297 4117 ἐτίθεμεν
311 4041 343 4101 et
355 4036 485 4104 Oonviv.
498 4037 550 4102 34.
561 4035 630 4121 ipsc
642 4037 780 4122 supplet:
799 4032 948 4098 ἐνενόουν
964 4027 1055 4123 [οἷον]
1068 4032 1106 4097 τὸ
1119 4034 1291 4120 πρόχειρον

212 4246 234 4315 ¹)
251 4247 376 4303 Litteras
394 4261 537 4316 vocesque
556 4246 730 4316 supplendas
748 4244 863 4299 huiusce
881 4244 959 4300 modi
976 4245 1057 4300 uncis
1075 4243 1185 4299 inclusi.
1209 4261 1214 4268 ·

1079 4349 1096 4404 2
