2944 4574
730 249 855 315 20-

179 441 266 524 ierae
294 455 420 522 obviam
446 457 647 543 incurrentis,
681 447 839 544 parasitus
871 450 1008 543 ‘suscipit
1037 463 1210 541 manetque
1235 457 1331 526 facile

179 563 259 629 inter
281 563 391 647 epulas
411 568 611 628 contemnere
632 582 687 629 eas
710 562 849 629 edoctus.
888 560 990 638 Quem
1012 582 1071 628 neo
1093 583 1204 629 cervus
1226 583 1332 646 neque

179 666 323 732 horridus
353 686 430 752 aper
459 673 575 732 terrere
596 668 691 752 valet,
721 667 778 733 sed
808 668 918 734 dentes
947 688 1025 752 apro
1054 673 1186 733 acuente
1207 674 1238 732 et
1259 669 1331 752 ipse

179 771 336 854 parasitus
359 770 452 836 acuit.
494 773 562 836 lam
593 771 700 855 inepte
722 772 863 853 sequitur
884 777 1056 838 sententia:
1091 768 1164 846 τοὺς
1185 769 1330 856 μὲνγὰρ

179 871 281 958 λαγὼς
311 871 419 939 διώκει
447 872 573 957 μᾶλλον
601 877 666 938 τῶν
695 877 807 939 κυνῶν.
860 876 998 961 Lepores
1033 877 1117 941 enim
1151 875 1227 958 quid
1257 896 1330 941 cum

178 999 256 1065 apro
271 978 382 1046 dentm
404 979 559 1045 acuente?
598 977 719 1054 Quodsi
733 979 814 1046 haee
835 981 929 1045 verba
950 980 1126 1062 insequenti
1148 981 1329 1047 enuntiato:

179 1085 215 1146 ἒν
244 1083 280 1146 δὲ
309 1081 347 1167 δή
378 1087 546 1165 συμποσίῳ
576 1087 623 1158 τίς
652 1078 694 1147 dv
724 1085 780 1147 καὶ
810 1080 1025 1168 ἁμιλλήσαιτο
1055 1089 1226 1168 παρασίτῳ
1256 1079 1329 1167 ήτοι

179 1189 326 1263 παίζοντι
355 1181 374 1271 ή
404 1189 563 1261 ἐσθίοντι,
586 1223 630 1233 -
663 1189 895 1272 postposueris,
927 1189 973 1254 nil
1006 1189 1143 1275 amplius
1175 1189 1330 1273 supererit

179 1291 370 1357 offensionis.

266 1395 362 1461 Ibid.
395 1395 448 1462 12.
502 1395 665 1462 Parasitus
694 1397 863 1482 Epicurum
896 1397 1027 1483 turpiter
1056 1398 1223 1463 abstulisse
1252 1396 1330 1462 dicit

178 1500 325 1585 parasitis
355 1518 510 1566 summum
540 1500 658 1566 bonum
680 1519 860 1584 nomenque
891 1502 921 1566 ei
942 1501 1068 1569 dedisse
1090 1500 1328 1568 eudaemoniae.

178 1605 290 1687 Neque
304 1623 379 1670 vero
401 1606 529 1670 omnino
553 1604 596 1670 ad
618 1623 773 1672 summum
794 1607 923 1689 bonum,
947 1605 1033 1689 quod
1056 1606 1089 1671 in
1105 1606 1245 1691 corporis
1260 1605 1345 1675 ani.

178 1709 284 1791 mique
318 1709 545 1791 tranquillitate
577 1710 714 1794 positum
747 1711 801 1794 sit,
835 1710 997 1794 pervenire
1030 1729 1123 1794 posse
1157 1710 1330 1794 Epicurum

179 1814 416 1896 quaestionibus
438 1832 562 1898 semper
583 1819 771 1899 occupatum
794 1812 835 1878 de
856 1818 959 1878 terrae
981 1812 1083 1878 forma
1104 1819 1136 1878 et
1158 1812 1199 1877 de
1218 1814 1329 1879 mundi

177 1916 301 1983 infinita
315 1915 543 2000 magnitudine.
574 1917 686 1999 Neque
696 1937 771 1984 vero
787 1936 825 1982 ea
840 1918 909 1982 sola
924 1937 1020 1983 causa
1035 1918 1164 2003 Epicuri
1178 1938 1242 1982 non
1259 1937 1329 1984 esse

178 2040 335 2088 summum
348 2020 476 2105 bonurn,
492 2021 548 2087 sed
565 2021 660 2087 etiam
674 2021 735 2087 hae
749 2023 858 2088 altera.
889 2022 1014 2088 Deinde
1029 2023 1075 2088 sic
1088 2023 1208 2108 pergit:
1233 2018 1250 2084 ὁ
1267 2019 1328 2106 γὰρ

173 2121 358 2210 Ἐπίκουρος
380 2114 486 2202 οὗτος,
509 2118 598 2201 ὅστις
626 2132 709 2190 ποτέ
736 2127 826 2191 ἐστιν
848 2123 866 2189 ὁ
890 2125 1000 2209 σοφός,
1031 2121 1100 2209 ήτοι
1124 2132 1240 2207 φαγεῖν
1262 2124 1328 2205 ἔχει

177 2224 197 2314 ή
213 2224 251 2294 οὔ
267 2253 275 2271 ·
292 2229 322 2294 εἰ
334 2234 395 2312 μὲν
409 2225 467 2294 οὐκ
483 2228 548 2312 ἔχει
563 2229 727 2316 (Frittseh.
743 2231 839 2295 bene:
864 2228 894 2291 εἰ
907 2233 968 2311 μὲν
990 2217 1061 2293 οὖν
1083 2223 1141 2292 οὐκ
1156 2227 1246 2315 ἔχει),
1270 2224 1328 2311 οὐχ

178 2329 264 2411 ὅπως
285 2330 383 2421 ήὸέιος
405 2330 442 2397 οὐ
465 2332 562 2419 (reete
582 2333 666 2400 delet
688 2329 726 2397 od
746 2332 895 2420 Cebetas)
919 2331 1049 2418 ζήσεται
1064 2329 1133 2396 ἀλλ’
1151 2328 1226 2396 οὐδὲ
1241 2330 1327 2416 ζήσε-

177 2461 233 2502 ται
249 2462 257 2478 ·
274 2437 305 2502 εἰ
325 2437 362 2501 tt
384 2435 448 2520 ἔχει
470 2436 615 2524 (verbum
637 2435 702 2520 ἔχει
723 2437 814 2503 initio
836 2438 885 2504 bis
900 2438 1049 2523 scriptum
1071 2437 1168 2502 fuisse
1182 2437 1242 2501 hoc
1257 2437 1326 2503 loco

177 2542 340 2609 Herwerd.
372 2541 500 2629 censet),
532 2539 597 2607 εἴτε
618 2543 692 2625 παρ’
725 2543 843 2606 ἑαυτοῦ
873 2537 938 2605 εἴτε
967 2541 1041 2626 παρ’
1067 2536 1190 2604 ἄλλον·
1214 2539 1245 2604 εἰ
1265 2545 1326 2622 μὲν

178 2635 236 2711 οὗν
268 2647 344 2732 παρ’
384 2642 484 2710 ἄλλον
520 2644 558 2711 τὸ
596 2652 712 2729 φαγεῖν
748 2644 813 2728 ἔχει
855 2644 947 2731 (haee
982 2645 1044 2712 tn'a
1080 2645 1178 2713 verba
1214 2646 1329 2711 omittit

178 2749 369 2838 Herwerd.),
392 2747 574 2836 παράσιτός
603 2752 674 2816 ἐστι
704 2751 760 2812 καὶ
782 2745 841 2830 οὐχ
863 2745 897 2825 ὃς
918 2747 1011 2833 λέγει.
1049 2750 1178 2816 Initium
1199 2748 1327 2832 quidem
1392 2796 1397 2804 ·

178 2856 353 2922 sententiae
374 2856 598 2940 perobscurum
621 2861 668 2920 est
681 2873 741 2920 nee
754 2854 882 2940 planius
896 2855 933 2921 fit
947 2855 1101 2939 Madvigii
1116 2853 1212 2939 (Ado.
1228 2854 1295 2919 crit.
1313 2855 1328 2918 Ι

178 2981 252 3045 pag.
270 2957 347 3047 697)
370 2961 549 3027 coniectura
571 2955 795 3045 Ἐπικούρειος,
819 2980 890 3026 cum
913 2967 1009 3027 antea
1029 2980 1093 3026 non
1109 2959 1150 3026 de
1164 2959 1328 3045 Epicureis

178 3064 235 3130 sed
264 3064 305 3129 de
333 3065 403 3149 ipso
425 3065 562 3149 Epicuro
592 3083 693 3129 sermo
723 3064 826 3130 fuerit.
871 3063 973 3149 Opem
1003 3070 1107 3131 autem
1130 3063 1210 3130 feret
1231 3064 1327 3147 parti-

178 3170 250 3234 cula
272 3163 306 3252 ή,
336 3187 418 3252 quae
447 3189 511 3233 non
541 3188 612 3233 raro
643 3166 773 3252 excidit,
802 3174 877 3235 ante
906 3162 994 3244 ὅστις
1023 3170 1154 3253 inserta,
1185 3173 1220 3233 ut
1248 3167 1329 3234 haee

177 3279 279 3339 exstet
301 3274 473 3340 sententia:
496 3273 557 3339 Hie
575 3273 731 3358 Epicurus
754 3273 847 3358 enim,
869 3274 921 3340 vel
944 3274 1132 3357 quicumque
1153 3270 1328 3355 aliquando
1457 3325 1458 3351 q

178 3382 226 3442 est
247 3376 462 3464 philosophus,
486 3384 541 3444 aut
562 3378 669 3462 habet,
693 3378 779 3461 quod
800 3378 884 3463 edat,
908 3385 963 3445 aut
981 3399 1046 3444 non
1060 3377 1165 3443 habet.
1203 3375 1328 3440 Deinde

177 3481 277 3566 probo
297 3482 462 3546 Fritzsohii
484 3469 736 3548 emendationem
759 3480 790 3544 εἰ
810 3486 871 3562 μὲν
893 3469 964 3543 οὖν
986 3477 1044 3543 οὐκ
1066 3477 1141 3560 ἔχει,
1165 3479 1241 3562 quia
1254 3498 1327 3564 per-

178 3586 274 3651 ticula
297 3572 354 3648 οὖν
375 3584 672 3650 demonstrationem
694 3583 870 3649 continuam
891 3584 974 3649 bene
986 3584 1115 3650 indicat.
1154 3584 1236 3650 Tum
1251 3603 1327 3651 vero

178 3709 241 3754 non
271 3694 393 3756 tantum
416 3708 487 3754 eum
507 3686 627 3753 Cobeto
656 3687 856 3771 negationem
886 3683 924 3753 oe
947 3687 1071 3755 deleam
1101 3694 1175 3755 ante
1196 3689 1327 3754 verbum

179 3789 309 3874 ζήσεται
331 3794 444 3859 vitiose
464 3792 621 3876 iniectam,
652 3793 709 3857 sed
738 3793 798 3859 hoe
826 3793 929 3878 ipsum
951 3795 1081 3861 verbum
1103 3794 1137 3858 in
1158 3793 1327 3874 insequens

179 3897 376 3964 enuntiatum
405 3903 477 3983 post
506 3892 606 3961 ἄλλον
636 3917 802 3983 reponam,
837 3918 899 3981 quo
932 3904 964 3964 et
996 3897 1138 3981 superior
1171 3897 1327 3962 sententia

178 4001 280 4065 otiosa
301 4007 333 4065 et
353 4001 456 4068 inutili
485 4001 624 4069 eiusdem
647 4003 735 4069 verbi
763 4002 929 4069 iteratione
956 4002 1105 4068 liberetur
1131 4005 1162 4067 et
1186 3999 1326 4068 inferiori

177 4103 308 4169 verbum
338 4104 438 4188 detur,
472 4125 535 4187 quo
565 4126 644 4193 opus
681 4125 750 4174 esse
785 4112 872 4174 ratus
906 4105 1069 4172 Herwerd.
1100 4106 1229 4172 verbum
1261 4103 1325 4187 ἔχει

179 4205 227 4274 'ris
260 4207 396 4293 positum
429 4227 450 4274 a
478 4209 619 4277 Luciano
652 4212 803 4278 ascribe
836 4212 936 4278 altero
970 4213 1040 4278 loco
1074 4211 1223 4277 omissum
1257 4229 1326 4278 esse
