2944 4574
622 257 830 352 45„-

148 459 413 544 Rhadamanthys
441 481 504 527 non
527 467 592 527 tam
615 469 767 530 terrarum
790 468 912 548 partem
934 464 976 528 ab
998 465 1068 549 ipso
1090 463 1231 530 Luciano
1252 465 1299 530 in-

151 567 267 630 cultam
300 563 357 649 τὴν
391 569 506 650 ἑτέραν
538 569 701 652 appellare
731 567 867 634 debebat
897 589 992 650 quam
1022 569 1110 634 illam
1125 569 1301 654 ‘superiore

149 672 218 736 loco
249 670 436 755 antipodum
466 673 674 755 nominatam,
705 672 970 756 quemadmodum
999 675 1057 739 sub
1085 673 1181 737 finem
1203 673 1302 737 libelli

150 777 310 839 notionem
332 771 351 858 ἡ
375 777 470 859 ἑτέρα
493 778 529 860 γῆ
552 777 696 843 videmus
719 785 912 862 usurpatam.

238 875 363 957 Scyth.
395 876 427 942 3.
479 880 678 946 Anacharsim
707 881 860 964 Scytham
891 882 1032 946 Athenas
1066 880 1301 963 adventantem,

151 1003 222 1047 cum
244 984 371 1048 obviam
394 991 503 1050 cuntes
526 1004 635 1050 omnes
661 986 693 1048 in
721 1006 794 1051 cum
821 993 950 1071 propter
975 985 1118 1050 habitum
1145 986 1302 1050 insuetum

154 1088 417 1170 peregrinumque
439 1089 548 1154 oculos
570 1095 699 1154 teneant
721 1089 855 1173 defixos,
886 1091 1027 1174 poenitet
1059 1090 1180 1154 itineris
1213 1089 1300 1153 facti.

153 1188 365 1265 Quamobrem
380 1194 457 1258 urbe
477 1195 669 1278 perlustrata
684 1193 812 1258 domum
828 1196 988 1278 extemplo
1003 1193 1116 1259 reverti
1132 1193 1301 1277 constituit,

152 1314 221 1359 cum
250 1315 290 1360 ex
316 1297 404 1361 caelo
433 1298 524 1379 quasi
551 1297 705 1362 demissus
733 1298 868 1362 Toxaris
896 1298 1016 1381 Scytha
1043 1298 1170 1363 obviam
1199 1298 1303 1380 ingre-

153 1397 242 1463 diens
257 1399 455 1466 Anacharsim
471 1402 624 1484 agnoscit,
639 1402 784 1484 quamvis
799 1402 868 1486 ipse
888 1401 990 1466 eidem
1010 1402 1148 1484 ignotus.
1184 1396 1201 1464 ὁ
1218 1397 1302 1463 ’atari-

150 1521 264 1586 χαρσις
276 1503 311 1565 δὲ
322 1501 432 1568 πόθεν
448 1500 490 1567 dv
505 1507 628 1567 ἐκεῖνον
640 1505 718 1587 ἔγνω
731 1502 877 1590 ὁμοεθνῆ
890 1501 979 1580 ὄντα,
994 1501 1171 1588 Ἑλληνιστί
1187 1489 1310 1568 ἐσταλ-Ι

150 1613 250 1688 μένον
264 1646 306 1654 -
322 1603 379 1692 ἤδη
396 1606 565 1690 στωμύλον
581 1605 688 1673 αὐτῶν
702 1611 766 1673 τῶν
776 1605 923 1672 Ἀττικῶν
934 1611 992 1672 ἕνα
1004 1611 1068 1671 τῶν
1080 1603 1302 1689 αὐτοχθόνων.

151 1711 357 1779 Desideratur
386 1714 548 1778 relationis
578 1713 700 1796 aliquid
729 1715 810 1778 inter
841 1710 1009 1794 στωμύλον
1036 1721 1067 1776 et
1097 1708 1204 1775 αὐτῶν
1233 1731 1301 1794 sqq.

152 1816 231 1881 (toll.
253 1817 349 1900 igitur
369 1819 418 1882 De
443 1819 574 1884 sacrific.
596 1821 630 1883 6:
656 1817 849 1902 σπινθήρων
870 1813 1044 1881 ἅνοίπλεων
1064 1809 1107 1880 οῖ
1110 1840 1132 1878 α
1153 1814 1190 1899 db
1211 1840 1304 1898 κοιμι-

151 1917 266 2004 νευτήν
288 1922 421 1988 fortasse
442 1923 642 1988 scribendum
666 1921 857 2004 στωμύλον
882 1915 941 2008 [οἷ
945 1920 982 2009 α]
1009 1916 1131 1985 αὐτῶν
1152 1939 1222 2002 sqq.

239 2025 324 2090 Ver.
342 2025 427 2091 hist.
449 2027 517 2091 17.
539 2034 648 2092 narrat
667 2028 827 2093 Lucienus
847 2046 882 2091 se
900 2027 935 2091 in
954 2026 1098 2091 fabuloso
1119 2026 1174 2089 illo
1193 2025 1304 2089 itinere

152 2129 195 2195 ad
218 2132 380 2196 columnas
402 2132 545 2197 Herculis
571 2132 696 2198 venisse
723 2133 756 2196 in
783 2138 899 2196 terram
925 2150 1028 2194 rerum
1055 2131 1183 2214 plenam
1209 2129 1303 2193 mira-

151 2235 262 2300 bilium
283 2235 390 2317 ibique
415 2237 590 2320 repperisse
611 2223 729 2302 fiumen
750 2236 824 2301 vino
851 2235 968 2300 fluens:
1004 2235 1059 2295 aot
1089 2230 1304 2314 ἐφιστάμεθα

41 2375 49 2378 -
152 2341 290 2421 ποταμῷ
311 2334 399 2404 οἶνον
418 2340 524 2426 ῥέοντι
545 2337 726 2422 όμοιοτοίτῳ
745 2337 892 2422 μάλιστα
912 2331 1045 2422 οἷόσπερ
1067 2334 1182 2412 ὁΧῖός
1203 2338 1302 2399 ἐστιν.

151 2443 355 2529 ltprimum
385 2445 513 2528 quidem
542 2446 652 2510 vinum
680 2445 785 2529 potius
815 2445 894 2509 ebio
923 2445 970 2508 illi
1001 2443 1173 2508 clarissimo
1202 2441 1305 2507 simile

152 2547 210 2614 fuit
232 2569 328 2631 quam
350 2549 477 2615 flumen.
510 2550 592 2615 Tum
612 2569 687 2614 vero
704 2550 931 2634 superlativum
952 2548 1138 2613 adverbium
1156 2544 1303 2628 μάλιστα

152 2655 345 2738 superlativo
379 2654 535 2720 adiectivo
570 2649 752 2735 ὁμοιοτάταν
785 2652 984 2718 abundanter
1020 2651 1200 2735 adpositum
1233 2650 1304 2714 usui

151 2765 316 2844 repugnat.
348 2758 430 2824 Illud
441 2761 553 2824 vitium
564 2758 721 2824 Dindorfii
733 2758 913 2822 coniectura
925 2752 1121 2839 ὁμοιότατον
1132 2761 1303 2837 removeat,

151 2870 319 2945 utrumque
348 2871 455 2928 autem
484 2863 636 2928 orationis
665 2862 925 2947 impedimentum
962 2862 1068 2944 tolles,
1105 2861 1132 2925 si
1161 2859 1304 2924 Lucieno

152 2987 274 3032 mecum
296 2969 454 3033 tribueris:
490 2962 638 3048 ὅμοιον
660 2965 837 3048 τοιούτῳ
866 2986 947 3049 sqq,
978 2984 1060 3048 quac
1082 2965 1180 3030 verba
1201 2963 1305 3030 scriba

151 3072 252 3137 obiter
274 3073 399 3156 legente
421 3073 453 3137 in
476 3093 574 3138 unum
597 3073 789 3138 coaluerunt.

240 3176 335 3242 Diul.
361 3178 470 3243 mort.
496 3177 533 3243 X
556 3175 607 3242 12.
661 3177 807 3243 Mercurii
836 3175 1040 3260 Menippiquc
1069 3174 1159 3259 apud
1187 3173 1304 3240 inferos

152 3284 342 3365 colloquium
364 3285 498 3349 tumultu
528 3283 650 3366 ingenti
680 3282 835 3348 dirimitur
859 3301 876 3344 c
898 3281 989 3346 terris
1018 3285 1161 3344 sonante.
1208 3278 1305 3344 Cuius

145 3382 197 3454 'rei
220 3409 317 3455 causa
332 3409 353 3454 a
367 3389 521 3454 Mercurio
544 3389 589 3452 sic
604 3388 811 3471 explanatur:
834 3389 911 3460 Ναί,
935 3372 1139 3459 ῶΜένιππε,
1164 3377 1222 3446 οὐκ
1246 3378 1301 3464 ἀφ’

152 3492 222 3567 ἑνός
237 3517 271 3574 ys
282 3497 408 3577 χωρίου,
426 3489 493 3556 ἀλλ’
512 3491 545 3555 οἱ
558 3496 618 3573 μὲν
634 3493 666 3565 ἐς
680 3488 739 3574 τὴν
754 3486 927 3572 ἐκκλησίαν
940 3485 1154 3563 συνελθόντες
1167 3483 1304 3568 ἄσμενοι

151 3595 267 3678 γελῶσι
288 3596 409 3672 πάντες
432 3598 486 3660 ἐπὶ
508 3599 552 3678 τῷ
574 3599 748 3678 Λαμπίχου
770 3591 909 3676 θανάτῳ
925 3631 969 3640 -
985 3587 1078 3656 ἄλλοι
1102 3591 1137 3654 δὲ
1151 3589 1304 3674 Λιοφοίνη

152 3698 209 3764 τὸν
231 3699 353 3786 ῥήτορα
376 3702 568 3764 ἐπαινοῦσιν
583 3702 619 3763 ἐν
634 3701 773 3764 Σικυῶνι
797 3700 988 3780 ἐπιταφίους
1010 3695 1120 3779 λόγους
1144 3692 1304 3770 διεξιόντα

154 3806 208 3867 ἐπὶ
231 3804 381 3890 Κράτωνι
402 3803 515 3888 τούτῳ.
562 3805 654 3882 Quod
680 3807 714 3869 in
736 3804 798 3868 hac
820 3805 921 3868 altera
942 3803 1094 3868 tumultus
1117 3820 1214 3866 causa
1235 3801 1305 3885 ipse

151 3911 239 3976 locus
268 3912 462 3996 nominatur,
493 3910 567 3975 dein
596 3909 681 3992 quod
705 3929 766 3974 vox
789 3905 909 3982 πάντες
938 3927 1002 3973 uon
1030 3907 1112 3971 bene
1134 3903 1304 3990 respondet

152 4017 273 4082 notioni
304 4015 336 4079 οἱ
355 4022 426 4098 μέν,
455 4015 531 4080 inde
560 4015 674 4098 colligo
704 4014 789 4078 illius
819 4031 945 4095 quoque
974 4011 1128 4078 contionis
1157 4010 1304 4076 locuma

151 4120 302 4205 scriptore
324 4120 508 4187 denotatum
527 4120 633 4186 fnisse.
672 4118 773 4196 Quem
788 4115 962 4182 desiderari
978 4114 1176 4182 Wielandius
1195 4114 1302 4198 sensit,

153 4243 223 4289 cum
254 4231 397 4292 verteret.
451 4228 559 4303 ‚Deua
593 4247 640 4290 ιιι
672 4222 774 4286 Gela
809 4221 907 4305 laeaft
940 4223 999 4285 dua
1030 4219 1110 4286 Vola
1142 4221 1206 4302 aas
1235 4222 1305 4284 dem
